3417 5617
343 514 361 567 2

344 639 551 721 prudentem
561 637 675 718 legem
684 636 783 700 nobis
796 636 1000 700 dedidicisse
1010 635 1158 712 videtur,
1169 652 1271 716 quam
1282 635 1324 698 ab
1334 634 1434 697 initio
1443 653 1572 713 magna

339 754 415 800 cum
434 735 638 799 auctoritate
660 734 787 798 tulerat
802 734 859 814 (l).
877 733 1018 810 Quodsi
1036 733 1196 814 Bryologi
1213 733 1344 814 species
1361 750 1402 794 ea
1423 733 1572 812 regioni-

338 844 405 906 bus
419 842 590 920 collectas,
607 841 643 904 in
659 840 786 923 quibus
801 841 868 905 ista
882 839 1032 904 frustula
1047 843 1181 921 reperta
1197 843 1291 918 sunt,
1309 840 1453 920 propius
1464 840 1573 920 inspi-

340 951 448 1025 ciunt,
465 966 504 1012 ac
520 966 597 1012 cum
617 965 658 1011 ex
673 946 830 1012 finitimis
850 948 1054 1027 regionibus
1069 947 1250 1029 speciebus
1264 951 1474 1030 comparant,
1495 951 1572 1010 turn

339 1055 490 1139 profecto
509 1055 580 1118 illis
595 1053 637 1117 ad
659 1072 800 1135 genera,
826 1055 895 1117 imo
918 1054 961 1117 ad
986 1054 1117 1135 species
1146 1058 1247 1117 antea
1273 1054 1479 1118 constitutas
1494 1071 1572 1135 pos·

341 1167 450 1226 trema
476 1161 601 1226 reterre
627 1160 756 1224 licebit.
781 1162 951 1238 Ceterum,
977 1166 1015 1224 ut
1041 1160 1159 1223 eadem
1184 1161 1247 1222 illa
1272 1165 1466 1240 repetamus
1493 1179 1571 1241 quae

339 1269 424 1333 alias
448 1270 493 1350 (el
516 1267 677 1345 diximus,
702 1285 744 1330 ne
766 1285 845 1349 spes
869 1267 1008 1349 quidem
1033 1268 1105 1331 ulla
1129 1266 1346 1349 Bryologiam
1372 1284 1570 1348 processum

340 1377 483 1453 efficere,
498 1376 564 1439 nisi
573 1374 712 1438 iamiliae
723 1375 992 1455 monographicc
1002 1374 1253 1438 describantur.
1266 1377 1346 1450 Quae
1358 1392 1437 1438 vero
1450 1375 1571 1457 plures

340 1488 422 1547 sunl
438 1499 539 1564 quam
557 1487 596 1544 ut
610 1481 684 1545 fieri
702 1500 769 1545 non
785 1482 906 1562 possit,
928 1488 966 1545 ut
990 1483 1179 1563 Bryologus
1202 1482 1304 1545 ctiam
1322 1481 1570 1546 solertissimus

341 1589 522 1672 quemdam
544 1606 700 1652 muscum
721 1589 774 1651 vel
797 1589 865 1651 alio
891 1588 1030 1651 nomine
1045 1589 1262 1669 inscriptum,
1279 1589 1333 1651 vel
1353 1590 1388 1651 in
1405 1589 1571 1653 varietate

341 1696 591 1779 reponendum,
622 1696 723 1777 cujus
747 1696 862 1759 omnia
890 1696 1030 1776 ignorat
1059 1713 1135 1777 quae
1164 1697 1195 1758 ei
1230 1714 1308 1759 curn
1343 1696 1456 1777 specie
1489 1702 1572 1760 nota

341 1804 548 1880 communia,
579 1802 775 1885 quibusque
797 1820 839 1866 ex
860 1803 968 1867 forma
989 1804 1103 1885 typica
1124 1802 1289 1884 pendeat,
1320 1820 1571 1884 nonnunquam

344 1911 517 1975 existimet
531 1927 670 1973 novum.
687 1911 748 1973 Hic
761 1910 871 1990 igitur
883 1911 1087 1992 Bryologus,
1104 1927 1209 1991 quum
1228 1909 1469 1990 Bryoceorum,
1482 1909 1573 1991 Hyp-

341 2035 589 2100 naceoremque
612 2017 759 2080 familias
778 2035 883 2098 supra
904 2017 998 2081 mille
1013 2018 1173 2099 amplecti
1198 2016 1329 2097 species
1352 2022 1386 2077 et
1407 2015 1477 2078 lere
1494 2017 1573 2079 toti-

342 2124 418 2189 dem
434 2124 476 2188 ad
494 2122 779 2188 Neclerecemacm
799 2124 963 2187 familiam
980 2124 1097 2187 referri
1118 2122 1373 2200 animadvertit,
1398 2141 1513 2186 nonne
1532 2141 1570 2186 eo

342 2232 526 2296 deducitur
542 2237 591 2310 ut,
615 2232 861 2311 speciminibus
877 2231 1030 2294 collectis
1053 2237 1088 2294 ct
1110 2230 1288 2310 permultis
1309 2229 1393 2292 locis
1408 2247 1447 2293 ac
1467 2247 1571 2310 quam

344 2339 625 2419 disjunctissimis
653 2337 821 2401 consultis
858 2344 890 2401 et
930 2337 1126 2419 exploratis,
1156 2337 1285 2419 species
1315 2354 1389 2399 esse
1420 2338 1498 2418 jure
1531 2354 1570 2399 eo

345 2446 483 2508 nomine
504 2450 654 2522 vocatas,
671 2450 705 2507 et
721 2463 777 2507 eas
792 2463 868 2526 quae
884 2444 968 2507 falso
986 2445 1021 2507 id
1042 2463 1165 2507 nornen
1182 2445 1247 2507 sibi
1265 2445 1487 2518 asseruerint,
1511 2448 1592 2534 aut-

343 2553 446 2615 eximi
461 2570 572 2633 posse,
589 2558 648 2614 aut
664 2570 704 2615 en
719 2552 893 2633 prioribus
912 2551 1060 2632 pendere
1077 2551 1260 2615 ostendat?
1282 2552 1326 2627 (3)

384 2659 517 2722 Primus
547 2677 626 2721 vero
661 2659 709 2721 W.
742 2659 778 2721 Ρ.
803 2657 1019 2740 Scbenperns
1042 2663 1169 2734 noster,
1198 2658 1256 2720 ille
1283 2657 1493 2720 clarissimus
1520 2657 1572 2719 vir

345 2785 412 2848 quo
441 2766 607 2845 magistro
637 2765 690 2828 usi
722 2784 854 2844 sumus,
885 2784 992 2846 quum
1021 2765 1055 2828 in
1081 2765 1154 2828 dies
1181 2772 1347 2828 cresceret
1374 2783 1568 2828 muscorum

346 2891 522 2950 numerere,
539 2873 634 2935 brevi
651 2874 888 2936 necessitatem
907 2873 1034 2935 instare
1049 2890 1179 2952 genera
1193 2871 1373 2948 dilatandi,
1391 2872 1490 2934 idest
1505 2873 1570 2934 sub

346 2982 484 3059 generis
513 2980 651 3042 nomine
676 2981 845 3043 sectiones
875 2980 1118 3059 amplectendi,
1148 2980 1303 3060 quaedam
1326 2980 1463 3059 propria
1483 2996 1573 3059 pers·

344 3087 609 3169 pectissimaque
633 3087 848 3168 praebentes,
879 3088 1050 3167 etiamque
1077 3103 1165 3149 nova
1196 3104 1360 3150 novarum
1381 3086 1571 3166 specierum

344 3212 473 3275 genera
497 3194 723 3271 instituend0,
747 3194 930 3257 intellexit.
954 3194 1084 3274 Quippe
1107 3194 1179 3275 qui,
1209 3195 1244 3255 in
1270 3194 1447 3275 europaeis
1471 3195 1573 3256 Acro·

345 3302 465 3382 carpis,
496 3319 564 3363 non
591 3300 816 3363 Dicranellem
838 3301 1028 3378 allierono,
1058 3301 1417 3409 Bortromidulomgue
1446 3302 1572 3364 aBor-

345 3409 469 3470 tromio
497 3427 625 3489 genere
654 3408 754 3472 modo
789 3409 1018 3490 dignosceret.
1046 3426 1164 3472 verum
1200 3409 1302 3472 etiam
1338 3409 1569 3490 Arzpslromim

347 3515 663 3598 Carnpplostelcum,
692 3523 770 3594 ete,
796 3534 926 3597 genera
952 3523 1093 3580 crearet.
1122 3518 1158 3578 ln
1182 3516 1410 3598 Plercrecorpis
1435 3533 1570 3597 quoque

345 3624 595 3705 praecipueque
624 3624 659 3686 in
687 3622 867 3705 speciebus
896 3624 938 3687 ad
970 3623 1129 3705 ilppnrrm
1158 3642 1271 3703 genus
1301 3624 1568 3704 pertinentibus,

345 3748 491 3812 quarum
520 3731 617 3812 copia
642 3732 802 3813 Bryologi
829 3732 925 3813 quasi
954 3732 1294 3813 premebantur,‚eas
1318 3731 1499 3808 sectiones,
1529 3728 1570 3792 de

345 3838 472 3920 quibus
488 3839 585 3901 nulla
605 3837 676 3901 fere
693 3839 766 3920 jam
786 3845 838 3903 est
863 3845 1092 3916 controversa,
1119 3838 1398 3918 Amelpstepiem,
1424 3837 1572 3915 Brachy-

343 3944 500 4024 theclam,
519 3945 765 4026 Hylocomium,
784 3947 1060 4028 Ploqiotdecium,
1074 3950 1138 4010 etc.
1156 3946 1348 4009 constituit.

321 4070 332 4084 ·
384 4057 542 4115 Attamen
560 4054 632 4116 boec
651 4071 739 4115 nova
752 4055 944 4117 blascorum
961 4054 1113 4134 partitio,
1131 4070 1237 4134 quum
1251 4052 1367 4114 statim
1383 4052 1418 4114 in
1436 4052 1568 4130 Suecia,

344 4161 525 4240 Norvegla,
543 4162 787 4242 Britanniaque
803 4180 841 4223 ac
859 4161 893 4223 in
909 4161 1022 4225 Gallia
1035 4161 1187 4240 benigne
1204 4161 1424 4240 reciperetur,
1440 4177 1571 4238 germa-

380 4356 417 4428 (l)
433 4375 448 4409 r
463 4357 534 4421 Quid
549 4365 600 4422 est,
619 4375 666 4412 cm·
683 4364 814 4413 auctores
832 4365 888 4412 tam
907 4359 985 4412 multi
1000 4357 1027 4411 in
1047 4357 1198 4428 specimina
1217 4357 1339 4427 pessima
1355 4357 1463 4427 species
1483 4373 1570 4410 novas

345 4464 411 4501 snas
425 4447 566 4502 condenti
580 4468 595 4502 s
611 4447 641 4501 0.
658 4449 697 4502 M.
713 4449 781 4518 Syn.
797 4449 840 4518 ll,
851 4468 881 4518 p.
897 4449 966 4502 508.
1320 4435 1323 4440 ’

380 4537 417 4608 (2)
430 4536 514 4593 Belli.
531 4536 564 4590 de
579 4539 607 4591 la
620 4538 684 4592 Soc.
699 4540 756 4591 bot.
773 4539 805 4592 de
821 4539 879 4608 Fra,
898 4539 974 4600 1892,
989 4556 1016 4608 p.
1030 4538 1078 4604 53;
1096 4538 1189 4591 Rerue
1203 4537 1292 4606 bryol.
1310 4536 1386 4599 1892,
1401 4554 1428 4606 p.
1445 4536 1488 4592 ll.

380 4626 418 4698 (3)
440 4627 482 4682 Cf.
506 4627 649 4699 Aclocque
669 4628 697 4681 in
721 4628 816 4681 Revue
840 4627 1011 4697 scientilique
1037 4626 1114 4692 1894,
1138 4626 1175 4692 ΙΙ,
1198 4643 1226 4697 p.
1247 4625 1328 4681 338:
1355 4624 1399 4678 Lo
1418 4628 1513 4679 notiore
1536 4626 1571 4680 de

345 4718 458 4789 t'erpecc
471 4716 538 4773 obes
552 4718 593 4772 les
608 4717 777 4772 Marcinees.
