3417 5617
352 538 369 592 4

392 664 555 741 Quamvis
584 670 698 728 autem
732 665 917 745 plurimam
942 681 1058 728 curam
1089 682 1295 746 operamque
1320 664 1502 730 maximam
1537 663 1580 730 ad

353 771 447 834 hunc
475 774 618 836 Iuoromr
648 771 900 835 conficiendum
930 772 1203 849 adhibuerimus,
1227 769 1384 853 quasdam
1406 771 1581 851 praeterita

352 877 503 960 proiecto
514 879 844 958 animadvertentur,
859 880 1015 961 quaedam
1029 880 1131 943 etiam
1145 892 1257 943 errata
1268 878 1577 962 reprehendentur.

353 988 421 1048 Ista
448 986 603 1066 impense
630 981 793 1069 petimus,
831 992 871 1049 ut
900 987 999 1050 nobis
1035 987 1196 1068 Bryologi
1230 985 1438 1067 patefaciant
1473 985 1579 1067 (quod

351 1093 489 1173 quidem
505 1095 685 1176 permagni
700 1094 856 1157 scientim
872 1094 1028 1172 interest)
1039 1094 1123 1157 utin
1137 1093 1331 1175 Appendice
1346 1094 1406 1156 ilia
1422 1094 1581 1156 restitua-

353 1218 429 1264 mus
443 1201 498 1264 vel
514 1201 578 1265 hac
597 1202 822 1281 corrigamus,
844 1205 884 1265 ut
903 1202 968 1265 hoc
992 1220 1079 1285 opus
1099 1218 1200 1284 quam
1224 1201 1366 1265 minime
1387 1201 1432 1265 sit
1455 1202 1579 1281 imper·

353 1308 493 1371 fectum.

389 1414 477 1492 Quid
497 1416 568 1496 jam
595 1414 744 1497 denique
770 1417 888 1494 restat,
915 1417 982 1480 nisi
1017 1419 1056 1478 ut
1081 1416 1187 1497 (quod
1216 1421 1308 1480 certe
1332 1416 1433 1480 nobis
1457 1415 1579 1482 miram

350 1522 533 1602 quamdam
548 1523 755 1586 suavitatem
770 1541 808 1585 ac
824 1522 1113 1587 delectationdem
1129 1522 1239 1598 offert)
1258 1523 1390 1602 gratias
1404 1523 1475 1585 iilis
1495 1523 1579 1586 viris

350 1645 506 1708 agamus,
523 1630 581 1711 qui
599 1630 700 1693 nobis
714 1629 942 1694 libentissime
958 1648 1096 1711 operam
1115 1649 1214 1694 suam
1229 1632 1434 1694 attulerunt.
1455 1631 1504 1692 Ex
1523 1629 1579 1692 his

350 1736 499 1815 primum
514 1734 591 1800 Em.
611 1735 811 1800 [iesaberelle
831 1737 997 1817 (Parisiis)
1014 1739 1186 1801 numerari
1203 1737 1312 1816 decet,
1336 1738 1394 1819 qui
1411 1754 1480 1801 non
1503 1745 1579 1800 tan·

349 1850 423 1908 tum
453 1844 606 1907 consiliis
635 1844 843 1908 acutissimis
873 1861 1086 1927 censuraque
1115 1845 1322 1908 amicissima
1342 1844 1490 1925 juvavit,
1516 1844 1577 1908 sed

350 1952 452 2014 etiam
468 1954 538 2014 tam
555 1952 697 2015 comiter
713 1951 892 2015 nobiscum
909 1952 994 2032 egit,
1012 1957 1051 2016 ut
1066 1950 1245 2029 librorum,
1266 1968 1412 2033 quorum
1432 1951 1579 2031 penuria

349 2058 520 2139 praecipue
542 2057 577 2119 in
607 2056 794 2138 provinciis
822 2063 976 2140 apparet,
1007 2059 1364 2121 commemorationem
1393 2056 1576 2138 praeberet,

347 2162 663 2245 speciminibusque
688 2164 760 2227 sive
791 2165 920 2229 criticis
944 2169 1006 2227 aut
1030 2165 1178 2246 perraris
1203 2163 1364 2241 donaret3
1399 2162 1576 2227 bruttianis

348 2269 586 2352 (Helsinqsors,
606 2270 957 2352 l‘'eaa1‘c)quoque,l.
978 2271 1104 2334 t'ardot
1118 2270 1275 2351 (Stenay,
1294 2268 1432 2348 Gallia),
1446 2269 1487 2331 cle
1504 2268 1579 2331 Peli

348 2376 525 2455 (Parisiis),
545 2376 651 2438 Dirce
671 2376 943 2460 (Nortlrcmptorq
961 2378 1113 2459 duplic),
1137 2376 1266 2439 Husrrot
1279 2375 1427 2457 (Calcare,
1448 2373 1575 2454 Gallia)

347 2501 409 2547 nos
424 2490 459 2548 et
477 2485 549 2548 suis
562 2486 716 2548 consiliis
736 2489 770 2548 et
789 2485 863 2548 suis
879 2487 1053 2568 operibus,
1073 2487 1238 2567 librisque
1257 2486 1312 2548 vel
1328 2484 1576 2566 speciminibus

346 2590 567 2672 adjuverunt.
593 2591 723 2673 Cuique
745 2593 787 2654 de
810 2594 910 2656 nobis
933 2594 1061 2673 optime
1078 2594 1208 2656 meritis
1226 2594 1374 2673 gratiam
1395 2591 1574 2656 referimus

345 2715 540 2759 maximam.

1344 2866 1489 2923 AUCTOR.

406 3337 511 3390 Dmenb
527 3339 752 3403 [illc-et·Vilaine,
768 3339 888 3404 France),
906 3339 959 3390 iifl
983 3339 1050 3388 1894.
