<?xml version="1.0" encoding="UTF-8"?>
<!DOCTYPE html PUBLIC "-//W3C//DTD XHTML 1.0 Transitional//EN"
    "http://www.w3.org/TR/xhtml1/DTD/xhtml1-transitional.dtd">
<html xmlns="http://www.w3.org/1999/xhtml" xml:lang="en" lang="en">
 <head>
  <title>
</title>
<meta http-equiv="Content-Type" content="text/html;charset=utf-8" />
  <meta name='ocr-system' content='tesseract 3.04.00' />
  <meta name='ocr-capabilities' content='ocr_page ocr_carea ocr_par ocr_line ocrx_word'/>
</head>
<body>
  <div class='ocr_page' id='page_1' title='image "./indexbryologicu00parigoog_0326.png"; bbox 0 0 3417 5617; ppageno 0'>
   <div class='ocr_carea' id='block_1_1' title="bbox 307 489 954 544">
    <p class='ocr_par' dir='ltr' id='par_1_1' title="bbox 307 489 954 544">
     <span class='ocr_line' id='line_1_1' title="bbox 307 489 954 544; baseline -0.002 0"><span class='ocrx_word' id='word_1_1' title='bbox 307 489 359 544; x_wconf 79' lang='grc'>304</span> <span class='ocrx_word' id='word_1_2' title='bbox 884 489 954 543; x_wconf 85' lang='lat' dir='ltr'>CYL</span> 
     </span>
    </p>
   </div>
   <div class='ocr_carea' id='block_1_2' title="bbox 361 609 1532 755">
    <p class='ocr_par' dir='ltr' id='par_1_2' title="bbox 361 609 1532 755">
     <span class='ocr_line' id='line_1_2' title="bbox 361 609 1532 684; baseline -0.004 -17"><span class='ocrx_word' id='word_1_3' title='bbox 361 621 554 683; x_wconf 79' lang='lat' dir='ltr'>stenoearpum</span> <span class='ocrx_word' id='word_1_4' title='bbox 569 614 668 681; x_wconf 76' lang='lat' dir='ltr'>Bryol.</span> <span class='ocrx_word' id='word_1_5' title='bbox 680 629 741 667; x_wconf 84' lang='lat' dir='ltr'>eur.</span> <span class='ocrx_word' id='word_1_6' title='bbox 762 612 883 684; x_wconf 83' lang='lat' dir='ltr'>V(mon.</span> <span class='ocrx_word' id='word_1_7' title='bbox 896 632 926 683; x_wconf 84' lang='lat' dir='ltr'>p.</span> <span class='ocrx_word' id='word_1_8' title='bbox 943 614 968 684; x_wconf 83' lang='grc'>4,</span> <span class='ocrx_word' id='word_1_9' title='bbox 985 615 1094 683; x_wconf 82' lang='lat' dir='ltr'>nom.);</span> <span class='ocrx_word' id='word_1_10' title='bbox 1130 612 1173 666; x_wconf 86' lang='lat' dir='ltr'>W.</span> <span class='ocrx_word' id='word_1_11' title='bbox 1187 610 1251 666; x_wconf 68' lang='lat' dir='ltr'>scu.</span> <span class='ocrx_word' id='word_1_12' title='bbox 1267 613 1298 664; x_wconf 82' lang='lat' dir='ltr'>in</span> <span class='ocrx_word' id='word_1_13' title='bbox 1312 609 1409 664; x_wconf 70' lang='lat' dir='ltr'>Besch.</span> <span class='ocrx_word' id='word_1_14' title='bbox 1426 609 1532 664; x_wconf 80' lang='lat' dir='ltr'>Prodr.</span> 
     </span>
     <span class='ocr_line' id='line_1_3' title="bbox 467 682 772 755; baseline 0.007 -18"><span class='ocrx_word' id='word_1_15' title='bbox 467 685 558 753; x_wconf 79' lang='lat' dir='ltr'>bryol.</span> <span class='ocrx_word' id='word_1_16' title='bbox 571 687 670 739; x_wconf 73' lang='lat' dir='ltr'>meuic.</span> <span class='ocrx_word' id='word_1_17' title='bbox 680 702 712 755; x_wconf 82' lang='lat' dir='ltr'>p.</span> <span class='ocrx_word' id='word_1_18' title='bbox 727 682 772 739; x_wconf 83' lang='grc'>94.</span> 
     </span>
    </p>
   </div>
   <div class='ocr_carea' id='block_1_3' title="bbox 415 771 1253 897">
    <p class='ocr_par' dir='ltr' id='par_1_3' title="bbox 415 771 1253 897">
     <span class='ocr_line' id='line_1_4' title="bbox 416 771 1057 835; baseline 0.003 -16"><span class='ocrx_word' id='word_1_19' title='bbox 416 772 538 820; x_wconf 87' lang='lat' dir='ltr'>Emodon</span> <span class='ocrx_word' id='word_1_20' title='bbox 553 779 724 835; x_wconf 78' lang='lat' dir='ltr'>slenocarpus</span> <span class='ocrx_word' id='word_1_21' title='bbox 739 771 791 820; x_wconf 76' lang='lat' dir='ltr'>Jae</span> <span class='ocrx_word' id='word_1_22' title='bbox 812 810 817 821; x_wconf 88' lang='lat'><em>.</em></span> <span class='ocrx_word' id='word_1_23' title='bbox 834 772 885 821; x_wconf 85' lang='lat' dir='ltr'>Ad.</span> <span class='ocrx_word' id='word_1_24' title='bbox 897 772 941 828; x_wconf 89' lang='lat' dir='ltr'>II,</span> <span class='ocrx_word' id='word_1_25' title='bbox 955 787 982 834; x_wconf 81' lang='lat' dir='ltr'>p.</span> <span class='ocrx_word' id='word_1_26' title='bbox 1000 771 1057 821; x_wconf 81' lang='lat'>356.</span> 
     </span>
     <span class='ocr_line' id='line_1_5' title="bbox 415 833 1253 897; baseline 0.001 -15"><span class='ocrx_word' id='word_1_27' title='bbox 415 834 573 883; x_wconf 81' lang='lat' dir='ltr'>lsothecium</span> <span class='ocrx_word' id='word_1_28' title='bbox 585 841 770 897; x_wconf 81' lang='lat' dir='ltr'>stenocerpum</span> <span class='ocrx_word' id='word_1_29' title='bbox 823 872 828 882; x_wconf 92' lang='lat'><em>.</em></span> <span class='ocrx_word' id='word_1_30' title='bbox 841 834 875 883; x_wconf 92' lang='lat' dir='ltr'>P.</span> <span class='ocrx_word' id='word_1_31' title='bbox 891 835 952 883; x_wconf 75' lang='lat' dir='ltr'>Solu.</span> <span class='ocrx_word' id='word_1_32' title='bbox 970 835 1000 883; x_wconf 84' lang='lat' dir='ltr'>in</span> <span class='ocrx_word' id='word_1_33' title='bbox 1013 835 1056 882; x_wconf 75' lang='lat' dir='ltr'>nb.</span> <span class='ocrx_word' id='word_1_34' title='bbox 1071 835 1142 883; x_wconf 69' lang='lat' dir='ltr'><em>Mus.</em></span> <span class='ocrx_word' id='word_1_35' title='bbox 1160 833 1253 883; x_wconf 70' lang='lat' dir='ltr'>Paris.</span> 
     </span>
    </p>
   </div>
   <div class='ocr_carea' id='block_1_4' title="bbox 667 914 1002 985">
    <p class='ocr_par' dir='ltr' id='par_1_4' title="bbox 667 914 1002 985">
     <span class='ocr_line' id='line_1_6' title="bbox 667 914 1002 985; baseline 0.012 -18"><span class='ocrx_word' id='word_1_36' title='bbox 667 945 696 955; x_wconf 95' lang='lat'>-</span> <span class='ocrx_word' id='word_1_37' title='bbox 712 917 774 970; x_wconf 83' lang='lat' dir='ltr'>Am.</span> <span class='ocrx_word' id='word_1_38' title='bbox 790 924 859 985; x_wconf 80' lang='lat' dir='ltr'>sept.</span> <span class='ocrx_word' id='word_1_39' title='bbox 878 914 1002 972; x_wconf 69' lang='lat' dir='ltr'>:Mexio</span> 
     </span>
    </p>
   </div>
   <div class='ocr_carea' id='block_1_5' title="bbox 361 1037 1170 1266">
    <p class='ocr_par' dir='ltr' id='par_1_5' title="bbox 361 1037 1170 1266">
     <span class='ocr_line' id='line_1_7' title="bbox 361 1037 1170 1110; baseline 0.002 -17"><span class='ocrx_word' id='word_1_40' title='bbox 361 1039 539 1094; x_wconf 74' lang='lat' dir='ltr'>stramineum</span> <span class='ocrx_word' id='word_1_41' title='bbox 554 1037 652 1094; x_wconf 80' lang='lat' dir='ltr'>Besch.</span> <span class='ocrx_word' id='word_1_42' title='bbox 670 1040 716 1095; x_wconf 84' lang='lat' dir='ltr'>Fl.</span> <span class='ocrx_word' id='word_1_43' title='bbox 732 1040 822 1108; x_wconf 57' lang='grc' dir='ltr'><strong>ὀψο).</strong></span> <span class='ocrx_word' id='word_1_44' title='bbox 839 1040 934 1095; x_wconf 82' lang='lat' dir='ltr'>Nouo.</span> <span class='ocrx_word' id='word_1_45' title='bbox 952 1039 1050 1095; x_wconf 80' lang='lat' dir='ltr'>Ouled.</span> <span class='ocrx_word' id='word_1_46' title='bbox 1061 1059 1092 1110; x_wconf 83' lang='lat' dir='ltr'>p.</span> <span class='ocrx_word' id='word_1_47' title='bbox 1108 1038 1170 1095; x_wconf 74' lang='lat'>236.</span> 
     </span>
     <span class='ocr_line' id='line_1_8' title="bbox 415 1126 1032 1191; baseline 0 -14"><span class='ocrx_word' id='word_1_48' title='bbox 415 1127 537 1177; x_wconf 86' lang='lat' dir='ltr'>Emodon</span> <span class='ocrx_word' id='word_1_49' title='bbox 550 1127 707 1177; x_wconf 74' lang='lat' dir='ltr'>stramineos</span> <span class='ocrx_word' id='word_1_50' title='bbox 723 1127 801 1190; x_wconf 69' lang='lat' dir='ltr'><em>lacy.</em></span> <span class='ocrx_word' id='word_1_51' title='bbox 819 1129 870 1177; x_wconf 86' lang='lat' dir='ltr'>Ad.</span> <span class='ocrx_word' id='word_1_52' title='bbox 883 1129 926 1182; x_wconf 87' lang='lat' dir='ltr'>Il,</span> <span class='ocrx_word' id='word_1_53' title='bbox 937 1143 966 1191; x_wconf 85' lang='lat' dir='ltr'>p.</span> <span class='ocrx_word' id='word_1_54' title='bbox 977 1126 1032 1177; x_wconf 74' lang='lat'>357.</span> 
     </span>
     <span class='ocr_line' id='line_1_9' title="bbox 415 1208 956 1266; baseline -0.006 -1"><span class='ocrx_word' id='word_1_55' title='bbox 415 1209 439 1265; x_wconf 92' lang='lat' dir='ltr'>l.</span> <span class='ocrx_word' id='word_1_56' title='bbox 456 1209 486 1263; x_wconf 91' lang='lat' dir='ltr'>ln</span> <span class='ocrx_word' id='word_1_57' title='bbox 501 1208 562 1262; x_wconf 84' lang='lat' dir='ltr'>silv.</span> <span class='ocrx_word' id='word_1_58' title='bbox 578 1239 611 1249; x_wconf 92' lang='lat'><em>-</em></span> <span class='ocrx_word' id='word_1_59' title='bbox 625 1209 693 1263; x_wconf 81' lang='lat' dir='ltr'>Pae.</span> <span class='ocrx_word' id='word_1_60' title='bbox 712 1229 718 1266; x_wconf 89' lang='lat'>:</span> <span class='ocrx_word' id='word_1_61' title='bbox 735 1209 807 1264; x_wconf 82' lang='lat' dir='ltr'>Nou.</span> <span class='ocrx_word' id='word_1_62' title='bbox 823 1209 956 1263; x_wconf 83' lang='lat' dir='ltr'>Caledou.</span> 
     </span>
    </p>
   </div>
   <div class='ocr_carea' id='block_1_6' title="bbox 360 1333 1534 1574">
    <p class='ocr_par' dir='ltr' id='par_1_6' title="bbox 360 1333 1534 1574">
     <span class='ocr_line' id='line_1_10' title="bbox 360 1333 791 1405; baseline -0.007 -16"><span class='ocrx_word' id='word_1_63' title='bbox 360 1334 578 1405; x_wconf 78' lang='lat' dir='ltr'>suberylhropus</span> <span class='ocrx_word' id='word_1_64' title='bbox 592 1333 636 1402; x_wconf 79' lang='lat'>(0.</span> <span class='ocrx_word' id='word_1_65' title='bbox 654 1333 705 1405; x_wconf 93' lang='grc' dir='ltr'><strong>Μ.)</strong></span> <span class='ocrx_word' id='word_1_66' title='bbox 721 1333 791 1387; x_wconf 86' lang='lat' dir='ltr'><em>Par.</em></span> 
     </span>
     <span class='ocr_line' id='line_1_11' title="bbox 414 1422 1232 1487; baseline 0 -15"><span class='ocrx_word' id='word_1_67' title='bbox 414 1422 534 1472; x_wconf 87' lang='lat' dir='ltr'>Emodon</span> <span class='ocrx_word' id='word_1_68' title='bbox 549 1423 756 1486; x_wconf 75' lang='lat' dir='ltr'>suberythnopus</span> <span class='ocrx_word' id='word_1_69' title='bbox 772 1422 800 1472; x_wconf 80' lang='lat'>0.</span> <span class='ocrx_word' id='word_1_70' title='bbox 812 1423 852 1472; x_wconf 90' lang='lat' dir='ltr'><em>M.</em></span> <span class='ocrx_word' id='word_1_71' title='bbox 865 1422 895 1471; x_wconf 81' lang='lat' dir='ltr'>in</span> <span class='ocrx_word' id='word_1_72' title='bbox 907 1424 989 1472; x_wconf 75' lang='lat' dir='ltr'>Lirin.</span> <span class='ocrx_word' id='word_1_73' title='bbox 1007 1422 1123 1481; x_wconf 76' lang='lat'><strong>1878-79,</strong></span> <span class='ocrx_word' id='word_1_74' title='bbox 1135 1439 1164 1487; x_wconf 83' lang='lat' dir='ltr'>p.</span> <span class='ocrx_word' id='word_1_75' title='bbox 1179 1424 1232 1472; x_wconf 75' lang='lat'>427.</span> 
     </span>
     <span class='ocr_line' id='line_1_12' title="bbox 416 1502 1534 1574; baseline -0.001 -17"><span class='ocrx_word' id='word_1_76' title='bbox 416 1505 438 1557; x_wconf 93' lang='lat' dir='ltr'>l.</span> <span class='ocrx_word' id='word_1_77' title='bbox 456 1503 497 1557; x_wconf 86' lang='lat' dir='ltr'>lld</span> <span class='ocrx_word' id='word_1_78' title='bbox 511 1520 579 1557; x_wconf 82' lang='lat' dir='ltr'>mur.</span> <span class='ocrx_word' id='word_1_79' title='bbox 594 1508 621 1556; x_wconf 89' lang='lat' dir='ltr'>et</span> <span class='ocrx_word' id='word_1_80' title='bbox 634 1511 699 1557; x_wconf 83' lang='lat' dir='ltr'>tem.</span> <span class='ocrx_word' id='word_1_81' title='bbox 714 1531 749 1545; x_wconf 95' lang='lat'>-</span> <span class='ocrx_word' id='word_1_82' title='bbox 761 1504 824 1556; x_wconf 81' lang='lat' dir='ltr'>Am.</span> <span class='ocrx_word' id='word_1_83' title='bbox 842 1503 943 1558; x_wconf 64' lang='lat' dir='ltr'>merso.</span> <span class='ocrx_word' id='word_1_84' title='bbox 960 1523 969 1555; x_wconf 93' lang='grc'><strong>.·</strong></span> <span class='ocrx_word' id='word_1_85' title='bbox 989 1505 1061 1558; x_wconf 80' lang='lat' dir='ltr'>And.</span> <span class='ocrx_word' id='word_1_86' title='bbox 1091 1504 1192 1570; x_wconf 86' lang='lat' dir='ltr'>Boliv.‚</span> <span class='ocrx_word' id='word_1_87' title='bbox 1210 1505 1357 1574; x_wconf 76' lang='lat' dir='ltr'>Argentin.</span> <span class='ocrx_word' id='word_1_88' title='bbox 1381 1502 1534 1573; x_wconf 83' lang='lat' dir='ltr'>subtropic.</span> 
     </span>
    </p>
   </div>
   <div class='ocr_carea' id='block_1_7' title="bbox 379 1618 1425 1860">
    <p class='ocr_par' dir='ltr' id='par_1_7' title="bbox 379 1618 1425 1860">
     <span class='ocr_line' id='line_1_13' title="bbox 379 1618 940 1691; baseline -0.007 -16"><span class='ocrx_word' id='word_1_89' title='bbox 379 1641 394 1675; x_wconf 74' lang='lat' dir='ltr'>s</span> <span class='ocrx_word' id='word_1_90' title='bbox 415 1639 477 1674; x_wconf 85' lang='lat' dir='ltr'>oar.</span> <span class='ocrx_word' id='word_1_91' title='bbox 494 1619 729 1691; x_wconf 76' lang='lat' dir='ltr'>complanatulum</span> <span class='ocrx_word' id='word_1_92' title='bbox 744 1619 787 1690; x_wconf 87' lang='lat' dir='ltr'>(C.</span> <span class='ocrx_word' id='word_1_93' title='bbox 803 1619 857 1689; x_wconf 92' lang='lat' dir='ltr'><em>M.)</em></span> <span class='ocrx_word' id='word_1_94' title='bbox 870 1618 940 1671; x_wconf 86' lang='lat' dir='ltr'><em>Par.</em></span> 
     </span>
     <span class='ocr_line' id='line_1_14' title="bbox 414 1707 1425 1771; baseline -0.003 -13"><span class='ocrx_word' id='word_1_95' title='bbox 414 1708 535 1758; x_wconf 88' lang='lat' dir='ltr'>Emodon</span> <span class='ocrx_word' id='word_1_96' title='bbox 550 1707 758 1770; x_wconf 75' lang='lat' dir='ltr'>suberylhropus</span> <span class='ocrx_word' id='word_1_97' title='bbox 773 1722 833 1756; x_wconf 83' lang='lat' dir='ltr'>oar.</span> <span class='ocrx_word' id='word_1_98' title='bbox 849 1707 1060 1770; x_wconf 81' lang='lat' dir='ltr'>complanalulus</span> <span class='ocrx_word' id='word_1_99' title='bbox 1077 1709 1103 1756; x_wconf 76' lang='lat'>0.</span> <span class='ocrx_word' id='word_1_100' title='bbox 1122 1709 1161 1757; x_wconf 90' lang='lat' dir='ltr'><em>M.</em></span> <span class='ocrx_word' id='word_1_101' title='bbox 1172 1708 1201 1756; x_wconf 83' lang='lat' dir='ltr'>in</span> <span class='ocrx_word' id='word_1_102' title='bbox 1213 1723 1255 1771; x_wconf 78' lang='lat' dir='ltr'>op.</span> <span class='ocrx_word' id='word_1_103' title='bbox 1270 1707 1313 1757; x_wconf 79' lang='lat' dir='ltr'>cit.</span> <span class='ocrx_word' id='word_1_104' title='bbox 1327 1723 1356 1771; x_wconf 82' lang='lat' dir='ltr'>p.</span> <span class='ocrx_word' id='word_1_105' title='bbox 1371 1707 1425 1756; x_wconf 68' lang='lat'>428.</span> 
     </span>
     <span class='ocr_line' id='line_1_15' title="bbox 413 1788 1125 1860; baseline -0.003 -17"><span class='ocrx_word' id='word_1_106' title='bbox 413 1791 451 1844; x_wconf 88' lang='lat' dir='ltr'>Ut</span> <span class='ocrx_word' id='word_1_107' title='bbox 468 1797 527 1860; x_wconf 87' lang='lat' dir='ltr'>typ.</span> <span class='ocrx_word' id='word_1_108' title='bbox 542 1818 577 1829; x_wconf 95' lang='lat'>-</span> <span class='ocrx_word' id='word_1_109' title='bbox 591 1790 653 1842; x_wconf 87' lang='lat' dir='ltr'>Am.</span> <span class='ocrx_word' id='word_1_110' title='bbox 671 1789 773 1842; x_wconf 85' lang='lat' dir='ltr'>merid.</span> <span class='ocrx_word' id='word_1_111' title='bbox 789 1806 799 1842; x_wconf 89' lang='lat'>.·</span> <span class='ocrx_word' id='word_1_112' title='bbox 813 1789 955 1856; x_wconf 79' lang='lat' dir='ltr'>Argentin.</span> <span class='ocrx_word' id='word_1_113' title='bbox 974 1788 1125 1859; x_wconf 79' lang='lat' dir='ltr'>subtrepie.</span> 
     </span>
    </p>
   </div>
   <div class='ocr_carea' id='block_1_8' title="bbox 380 1894 1301 2136">
    <p class='ocr_par' dir='ltr' id='par_1_8' title="bbox 380 1894 1301 2136">
     <span class='ocr_line' id='line_1_16' title="bbox 380 1894 857 1965; baseline 0.006 -18"><span class='ocrx_word' id='word_1_114' title='bbox 380 1919 392 1947; x_wconf 78' lang='lat' dir='ltr'>u</span> <span class='ocrx_word' id='word_1_115' title='bbox 414 1915 476 1950; x_wconf 82' lang='lat' dir='ltr'>var.</span> <span class='ocrx_word' id='word_1_116' title='bbox 493 1894 642 1965; x_wconf 86' lang='lat' dir='ltr'>elliptioum</span> <span class='ocrx_word' id='word_1_117' title='bbox 657 1894 700 1965; x_wconf 85' lang='lat' dir='ltr'>(C.</span> <span class='ocrx_word' id='word_1_118' title='bbox 717 1896 770 1965; x_wconf 87' lang='grc' dir='ltr'><strong>Μ.)</strong></span> <span class='ocrx_word' id='word_1_119' title='bbox 787 1895 857 1950; x_wconf 82' lang='grc' dir='ltr'><strong>Ραν.</strong></span> 
     </span>
     <span class='ocr_line' id='line_1_17' title="bbox 417 1984 1301 2049; baseline -0.001 -16"><span class='ocrx_word' id='word_1_120' title='bbox 417 1984 537 2033; x_wconf 72' lang='lat' dir='ltr'>Emodon</span> <span class='ocrx_word' id='word_1_121' title='bbox 555 1984 760 2047; x_wconf 80' lang='lat' dir='ltr'>suberylhropus</span> <span class='ocrx_word' id='word_1_122' title='bbox 774 1999 834 2033; x_wconf 83' lang='lat' dir='ltr'>var.</span> <span class='ocrx_word' id='word_1_123' title='bbox 850 1984 981 2048; x_wconf 81' lang='lat' dir='ltr'>elliplicus</span> <span class='ocrx_word' id='word_1_124' title='bbox 997 1985 1024 2034; x_wconf 82' lang='lat' dir='ltr'>C.</span> <span class='ocrx_word' id='word_1_125' title='bbox 1041 1985 1080 2034; x_wconf 86' lang='lat' dir='ltr'><em>M.</em></span> <span class='ocrx_word' id='word_1_126' title='bbox 1094 1986 1125 2034; x_wconf 80' lang='lat' dir='ltr'>in</span> <span class='ocrx_word' id='word_1_127' title='bbox 1140 2000 1183 2049; x_wconf 78' lang='lat' dir='ltr'>op.</span> <span class='ocrx_word' id='word_1_128' title='bbox 1196 1995 1219 2033; x_wconf 78' lang='lat' dir='ltr'>et</span> <span class='ocrx_word' id='word_1_129' title='bbox 1235 1985 1252 2034; x_wconf 92' lang='lat' dir='ltr'>l.</span> <span class='ocrx_word' id='word_1_130' title='bbox 1266 2000 1301 2033; x_wconf 85' lang='lat' dir='ltr'>cc.</span> 
     </span>
     <span class='ocr_line' id='line_1_18' title="bbox 415 2064 694 2136; baseline 0.004 -17"><span class='ocrx_word' id='word_1_131' title='bbox 415 2065 452 2119; x_wconf 86' lang='lat' dir='ltr'>Ul</span> <span class='ocrx_word' id='word_1_132' title='bbox 464 2069 492 2119; x_wconf 83' lang='lat' dir='ltr'>et</span> <span class='ocrx_word' id='word_1_133' title='bbox 505 2065 550 2118; x_wconf 89' lang='lat' dir='ltr'>ubi</span> <span class='ocrx_word' id='word_1_134' title='bbox 565 2064 694 2136; x_wconf 79' lang='lat' dir='ltr'>praeced.</span> 
     </span>
    </p>
   </div>
   <div class='ocr_carea' id='block_1_9' title="bbox 378 2172 1334 2327">
    <p class='ocr_par' dir='ltr' id='par_1_9' title="bbox 378 2172 1334 2327">
     <span class='ocr_line' id='line_1_19' title="bbox 378 2172 849 2241; baseline 0.011 -19"><span class='ocrx_word' id='word_1_135' title='bbox 378 2195 392 2222; x_wconf 89' lang='lat'>«</span> <span class='ocrx_word' id='word_1_136' title='bbox 413 2191 476 2228; x_wconf 85' lang='lat' dir='ltr'>oar.</span> <span class='ocrx_word' id='word_1_137' title='bbox 491 2172 635 2226; x_wconf 75' lang='lat' dir='ltr'>flaccidum</span> <span class='ocrx_word' id='word_1_138' title='bbox 650 2172 692 2241; x_wconf 80' lang='lat'>(0.</span> <span class='ocrx_word' id='word_1_139' title='bbox 707 2172 760 2241; x_wconf 92' lang='grc' dir='ltr'><strong>Μ.)</strong></span> <span class='ocrx_word' id='word_1_140' title='bbox 777 2172 849 2227; x_wconf 85' lang='grc' dir='ltr'><strong>Ραν.</strong></span> 
     </span>
     <span class='ocr_line' id='line_1_20' title="bbox 414 2261 1334 2327; baseline -0.001 -16"><span class='ocrx_word' id='word_1_141' title='bbox 414 2262 537 2311; x_wconf 87' lang='lat' dir='ltr'>Emodon</span> <span class='ocrx_word' id='word_1_142' title='bbox 549 2262 757 2325; x_wconf 75' lang='lat' dir='ltr'>suberythropus</span> <span class='ocrx_word' id='word_1_143' title='bbox 770 2278 830 2312; x_wconf 79' lang='lat' dir='ltr'>vor.</span> <span class='ocrx_word' id='word_1_144' title='bbox 844 2261 969 2312; x_wconf 80' lang='lat' dir='ltr'>flaccidos</span> <span class='ocrx_word' id='word_1_145' title='bbox 980 2263 1008 2312; x_wconf 71' lang='grc' dir='ltr'>(ἶ.</span> <span class='ocrx_word' id='word_1_146' title='bbox 1026 2264 1064 2311; x_wconf 90' lang='lat' dir='ltr'><em>M.</em></span> <span class='ocrx_word' id='word_1_147' title='bbox 1079 2264 1109 2310; x_wconf 82' lang='lat' dir='ltr'>in</span> <span class='ocrx_word' id='word_1_148' title='bbox 1122 2278 1163 2325; x_wconf 83' lang='lat' dir='ltr'>op.</span> <span class='ocrx_word' id='word_1_149' title='bbox 1181 2263 1223 2311; x_wconf 79' lang='lat' dir='ltr'>cit.</span> <span class='ocrx_word' id='word_1_150' title='bbox 1237 2279 1266 2327; x_wconf 83' lang='lat' dir='ltr'>p.</span> <span class='ocrx_word' id='word_1_151' title='bbox 1280 2261 1334 2311; x_wconf 82' lang='grc'><strong>430.</strong></span> 
     </span>
    </p>
   </div>
   <div class='ocr_carea' id='block_1_10' title="bbox 416 2342 693 2413">
    <p class='ocr_par' dir='ltr' id='par_1_10' title="bbox 416 2342 693 2413">
     <span class='ocr_line' id='line_1_21' title="bbox 416 2342 693 2413; baseline -0.004 -15"><span class='ocrx_word' id='word_1_152' title='bbox 416 2344 453 2397; x_wconf 83' lang='lat' dir='ltr'>Ut</span> <span class='ocrx_word' id='word_1_153' title='bbox 465 2349 492 2398; x_wconf 89' lang='lat' dir='ltr'>et</span> <span class='ocrx_word' id='word_1_154' title='bbox 506 2344 551 2397; x_wconf 90' lang='lat' dir='ltr'>ubi</span> <span class='ocrx_word' id='word_1_155' title='bbox 566 2342 693 2413; x_wconf 76' lang='lat' dir='ltr'>praeced.</span> 
     </span>
    </p>
   </div>
   <div class='ocr_carea' id='block_1_11' title="bbox 354 2449 1340 2707">
    <p class='ocr_par' dir='ltr' id='par_1_11' title="bbox 354 2449 1340 2707">
     <span class='ocr_line' id='line_1_22' title="bbox 379 2449 891 2519; baseline 0 -17"><span class='ocrx_word' id='word_1_156' title='bbox 379 2475 393 2502; x_wconf 74' lang='grc' dir='ltr'>(ι</span> <span class='ocrx_word' id='word_1_157' title='bbox 415 2469 477 2506; x_wconf 85' lang='lat' dir='ltr'>var.</span> <span class='ocrx_word' id='word_1_158' title='bbox 493 2449 675 2519; x_wconf 76' lang='lat' dir='ltr'><strong>gracillimum</strong></span> <span class='ocrx_word' id='word_1_159' title='bbox 691 2449 734 2518; x_wconf 85' lang='lat' dir='ltr'>(C.</span> <span class='ocrx_word' id='word_1_160' title='bbox 752 2450 805 2519; x_wconf 90' lang='grc' dir='ltr'>Μ.)</span> <span class='ocrx_word' id='word_1_161' title='bbox 821 2450 891 2502; x_wconf 83' lang='grc' dir='ltr'><strong>Ραν.</strong></span> 
     </span>
     <span class='ocr_line' id='line_1_23' title="bbox 416 2537 1340 2601; baseline -0.002 -12"><span class='ocrx_word' id='word_1_162' title='bbox 416 2539 536 2589; x_wconf 85' lang='lat' dir='ltr'>Emodon</span> <span class='ocrx_word' id='word_1_163' title='bbox 552 2538 760 2600; x_wconf 78' lang='lat' dir='ltr'>subenylhropus</span> <span class='ocrx_word' id='word_1_164' title='bbox 773 2553 832 2586; x_wconf 84' lang='lat' dir='ltr'>vor.</span> <span class='ocrx_word' id='word_1_165' title='bbox 850 2537 1011 2600; x_wconf 75' lang='lat' dir='ltr'>gracillimus</span> <span class='ocrx_word' id='word_1_166' title='bbox 1027 2538 1054 2586; x_wconf 79' lang='lat' dir='ltr'>C.</span> <span class='ocrx_word' id='word_1_167' title='bbox 1072 2538 1110 2587; x_wconf 92' lang='grc' dir='ltr'>Μ.</span> <span class='ocrx_word' id='word_1_168' title='bbox 1128 2539 1158 2586; x_wconf 84' lang='lat' dir='ltr'>in</span> <span class='ocrx_word' id='word_1_169' title='bbox 1173 2553 1215 2601; x_wconf 78' lang='lat' dir='ltr'>up.</span> <span class='ocrx_word' id='word_1_170' title='bbox 1232 2548 1255 2586; x_wconf 79' lang='lat' dir='ltr'>et</span> <span class='ocrx_word' id='word_1_171' title='bbox 1269 2538 1286 2587; x_wconf 86' lang='lat' dir='ltr'>l.</span> <span class='ocrx_word' id='word_1_172' title='bbox 1304 2553 1340 2587; x_wconf 81' lang='lat' dir='ltr'>co.</span> 
     </span>
     <span class='ocr_line' id='line_1_24' title="bbox 354 2618 937 2707; baseline -0.002 -33"><span class='ocrx_word' id='word_1_173' title='bbox 354 2698 358 2707; x_wconf 15' lang='grc' dir='ltr'><strong>ἢ</strong></span> <span class='ocrx_word' id='word_1_174' title='bbox 414 2621 456 2674; x_wconf 79' lang='lat' dir='ltr'>Ad</span> <span class='ocrx_word' id='word_1_175' title='bbox 469 2621 560 2674; x_wconf 81' lang='lat' dir='ltr'>arbor.</span> <span class='ocrx_word' id='word_1_176' title='bbox 575 2626 604 2672; x_wconf 85' lang='lat' dir='ltr'>et</span> <span class='ocrx_word' id='word_1_177' title='bbox 619 2636 679 2689; x_wconf 82' lang='lat' dir='ltr'>rup.</span> <span class='ocrx_word' id='word_1_178' title='bbox 693 2649 727 2658; x_wconf 96' lang='lat'>-</span> <span class='ocrx_word' id='word_1_179' title='bbox 743 2618 795 2673; x_wconf 81' lang='lat' dir='ltr'>Ubi</span> <span class='ocrx_word' id='word_1_180' title='bbox 809 2619 937 2689; x_wconf 78' lang='lat' dir='ltr'>praeced.</span> 
     </span>
    </p>
   </div>
   <div class='ocr_carea' id='block_1_12' title="bbox 379 2734 1323 3235">
    <p class='ocr_par' dir='ltr' id='par_1_12' title="bbox 379 2734 1298 2976">
     <span class='ocr_line' id='line_1_25' title="bbox 379 2734 843 2807; baseline 0 -17"><span class='ocrx_word' id='word_1_181' title='bbox 379 2756 395 2790; x_wconf 90' lang='lat'>«</span> <span class='ocrx_word' id='word_1_182' title='bbox 413 2755 476 2792; x_wconf 86' lang='lat' dir='ltr'>oar.</span> <span class='ocrx_word' id='word_1_183' title='bbox 492 2736 632 2790; x_wconf 86' lang='lat' dir='ltr'>lutesoens</span> <span class='ocrx_word' id='word_1_184' title='bbox 647 2735 690 2804; x_wconf 85' lang='lat' dir='ltr'>(C.</span> <span class='ocrx_word' id='word_1_185' title='bbox 704 2734 759 2807; x_wconf 87' lang='grc' dir='ltr'>Μ.)</span> <span class='ocrx_word' id='word_1_186' title='bbox 772 2734 843 2790; x_wconf 88' lang='lat' dir='ltr'>Pur.</span> 
     </span>
     <span class='ocr_line' id='line_1_26' title="bbox 415 2824 1298 2889; baseline -0.001 -15"><span class='ocrx_word' id='word_1_187' title='bbox 415 2825 537 2874; x_wconf 88' lang='lat' dir='ltr'>Emodon</span> <span class='ocrx_word' id='word_1_188' title='bbox 552 2824 760 2886; x_wconf 76' lang='lat' dir='ltr'>subenythropus</span> <span class='ocrx_word' id='word_1_189' title='bbox 771 2840 831 2873; x_wconf 80' lang='lat' dir='ltr'>var.</span> <span class='ocrx_word' id='word_1_190' title='bbox 846 2824 978 2873; x_wconf 78' lang='lat' dir='ltr'>lutescens</span> <span class='ocrx_word' id='word_1_191' title='bbox 994 2825 1022 2874; x_wconf 76' lang='lat' dir='ltr'>(l.</span> <span class='ocrx_word' id='word_1_192' title='bbox 1039 2826 1078 2874; x_wconf 86' lang='lat' dir='ltr'><em>M.</em></span> <span class='ocrx_word' id='word_1_193' title='bbox 1093 2825 1123 2874; x_wconf 74' lang='lat' dir='ltr'>in</span> <span class='ocrx_word' id='word_1_194' title='bbox 1135 2841 1178 2889; x_wconf 76' lang='lat' dir='ltr'>op.</span> <span class='ocrx_word' id='word_1_195' title='bbox 1191 2835 1215 2874; x_wconf 78' lang='lat' dir='ltr'>et</span> <span class='ocrx_word' id='word_1_196' title='bbox 1231 2826 1250 2876; x_wconf 85' lang='lat'>1.</span> <span class='ocrx_word' id='word_1_197' title='bbox 1262 2839 1298 2873; x_wconf 83' lang='lat' dir='ltr'>co.</span> 
     </span>
     <span class='ocr_line' id='line_1_27' title="bbox 414 2906 718 2976; baseline -0.01 -14"><span class='ocrx_word' id='word_1_198' title='bbox 414 2908 452 2962; x_wconf 90' lang='lat' dir='ltr'>Ut</span> <span class='ocrx_word' id='word_1_199' title='bbox 463 2913 491 2961; x_wconf 91' lang='lat' dir='ltr'>et</span> <span class='ocrx_word' id='word_1_200' title='bbox 504 2906 551 2960; x_wconf 78' lang='lat' dir='ltr'>uui</span> <span class='ocrx_word' id='word_1_201' title='bbox 565 2906 644 2976; x_wconf 71' lang='lat' dir='ltr'>prim.</span> <span class='ocrx_word' id='word_1_202' title='bbox 661 2923 718 2959; x_wconf 80' lang='lat' dir='ltr'>var.</span> 
     </span>
    </p>

    <p class='ocr_par' dir='ltr' id='par_1_13' title="bbox 380 2994 1323 3235">
     <span class='ocr_line' id='line_1_28' title="bbox 380 2994 872 3065; baseline 0.002 -18"><span class='ocrx_word' id='word_1_203' title='bbox 380 3019 394 3047; x_wconf 73' lang='grc' dir='ltr'>α</span> <span class='ocrx_word' id='word_1_204' title='bbox 416 3014 478 3050; x_wconf 81' lang='lat' dir='ltr'>our.</span> <span class='ocrx_word' id='word_1_205' title='bbox 493 2995 662 3050; x_wconf 79' lang='lat' dir='ltr'>micnotheou</span> <span class='ocrx_word' id='word_1_206' title='bbox 675 2995 718 3058; x_wconf 81' lang='grc' dir='ltr'><strong>(Ο.</strong></span> <span class='ocrx_word' id='word_1_207' title='bbox 733 2994 787 3065; x_wconf 89' lang='grc' dir='ltr'>Μ.)</span> <span class='ocrx_word' id='word_1_208' title='bbox 801 2996 872 3049; x_wconf 87' lang='lat' dir='ltr'>Por.</span> 
     </span>
     <span class='ocr_line' id='line_1_29' title="bbox 415 3084 1323 3148; baseline 0.002 -15"><span class='ocrx_word' id='word_1_209' title='bbox 415 3084 537 3133; x_wconf 78' lang='lat' dir='ltr'>Emodon</span> <span class='ocrx_word' id='word_1_210' title='bbox 549 3085 757 3146; x_wconf 62' lang='lat' dir='ltr'>suberulhiopus</span> <span class='ocrx_word' id='word_1_211' title='bbox 769 3099 829 3132; x_wconf 79' lang='lat' dir='ltr'>var.</span> <span class='ocrx_word' id='word_1_212' title='bbox 846 3085 1005 3133; x_wconf 80' lang='lat' dir='ltr'>microthece</span> <span class='ocrx_word' id='word_1_213' title='bbox 1017 3085 1045 3134; x_wconf 80' lang='lat' dir='ltr'>O.</span> <span class='ocrx_word' id='word_1_214' title='bbox 1058 3086 1097 3135; x_wconf 87' lang='lat' dir='ltr'><em>M.</em></span> <span class='ocrx_word' id='word_1_215' title='bbox 1114 3085 1144 3133; x_wconf 80' lang='lat' dir='ltr'>iu</span> <span class='ocrx_word' id='word_1_216' title='bbox 1157 3100 1199 3148; x_wconf 80' lang='lat' dir='ltr'>op.</span> <span class='ocrx_word' id='word_1_217' title='bbox 1216 3094 1239 3133; x_wconf 77' lang='lat' dir='ltr'>el</span> <span class='ocrx_word' id='word_1_218' title='bbox 1254 3086 1270 3134; x_wconf 89' lang='lat' dir='ltr'>l.</span> <span class='ocrx_word' id='word_1_219' title='bbox 1285 3100 1323 3135; x_wconf 84' lang='lat' dir='ltr'>oo.</span> 
     </span>
     <span class='ocr_line' id='line_1_30' title="bbox 416 3164 696 3235; baseline 0.004 -16"><span class='ocrx_word' id='word_1_220' title='bbox 416 3164 455 3219; x_wconf 88' lang='lat' dir='ltr'>Ut</span> <span class='ocrx_word' id='word_1_221' title='bbox 468 3172 494 3218; x_wconf 84' lang='lat' dir='ltr'>el</span> <span class='ocrx_word' id='word_1_222' title='bbox 509 3166 552 3218; x_wconf 79' lang='lat' dir='ltr'>uhi</span> <span class='ocrx_word' id='word_1_223' title='bbox 568 3165 696 3235; x_wconf 80' lang='lat' dir='ltr'>praeced.</span> 
     </span>
    </p>
   </div>
   <div class='ocr_carea' id='block_1_13' title="bbox 379 3271 1404 3512">
    <p class='ocr_par' dir='ltr' id='par_1_14' title="bbox 379 3271 1404 3512">
     <span class='ocr_line' id='line_1_31' title="bbox 379 3271 903 3342; baseline 0 -16"><span class='ocrx_word' id='word_1_224' title='bbox 379 3292 394 3326; x_wconf 72' lang='lat' dir='ltr'>s</span> <span class='ocrx_word' id='word_1_225' title='bbox 416 3290 479 3327; x_wconf 82' lang='lat' dir='ltr'>oar.</span> <span class='ocrx_word' id='word_1_226' title='bbox 497 3271 688 3342; x_wconf 81' lang='lat' dir='ltr'>myosunoides</span> <span class='ocrx_word' id='word_1_227' title='bbox 703 3273 745 3342; x_wconf 87' lang='lat' dir='ltr'>(C.</span> <span class='ocrx_word' id='word_1_228' title='bbox 761 3272 815 3340; x_wconf 92' lang='grc' dir='ltr'><strong>Μ.)</strong></span> <span class='ocrx_word' id='word_1_229' title='bbox 832 3272 903 3326; x_wconf 86' lang='lat' dir='ltr'><em>Par.</em></span> 
     </span>
     <span class='ocr_line' id='line_1_32' title="bbox 416 3360 1404 3424; baseline 0.001 -15"><span class='ocrx_word' id='word_1_230' title='bbox 416 3360 538 3410; x_wconf 77' lang='lat' dir='ltr'>Emodon</span> <span class='ocrx_word' id='word_1_231' title='bbox 553 3360 760 3424; x_wconf 80' lang='lat' dir='ltr'>suberylhropus</span> <span class='ocrx_word' id='word_1_232' title='bbox 776 3376 835 3410; x_wconf 68' lang='lat' dir='ltr'>tior.</span> <span class='ocrx_word' id='word_1_233' title='bbox 852 3360 1033 3422; x_wconf 74' lang='lat' dir='ltr'>myosuroides</span> <span class='ocrx_word' id='word_1_234' title='bbox 1047 3361 1075 3410; x_wconf 70' lang='grc' dir='ltr'><strong>Ο.</strong></span> <span class='ocrx_word' id='word_1_235' title='bbox 1090 3361 1130 3409; x_wconf 94' lang='grc' dir='ltr'><strong>Μ.</strong></span> <span class='ocrx_word' id='word_1_236' title='bbox 1144 3360 1172 3407; x_wconf 84' lang='lat' dir='ltr'>in</span> <span class='ocrx_word' id='word_1_237' title='bbox 1185 3375 1227 3423; x_wconf 87' lang='lat' dir='ltr'>op.</span> <span class='ocrx_word' id='word_1_238' title='bbox 1242 3361 1285 3409; x_wconf 79' lang='lat' dir='ltr'>cit.</span> <span class='ocrx_word' id='word_1_239' title='bbox 1300 3376 1331 3424; x_wconf 80' lang='lat' dir='ltr'>p.</span> <span class='ocrx_word' id='word_1_240' title='bbox 1347 3360 1404 3410; x_wconf 73' lang='grc'><strong>429.</strong></span> 
     </span>
     <span class='ocr_line' id='line_1_33' title="bbox 416 3441 694 3512; baseline -0.004 -17"><span class='ocrx_word' id='word_1_241' title='bbox 416 3441 452 3496; x_wconf 83' lang='lat' dir='ltr'>Ut</span> <span class='ocrx_word' id='word_1_242' title='bbox 465 3450 493 3496; x_wconf 90' lang='lat' dir='ltr'>et</span> <span class='ocrx_word' id='word_1_243' title='bbox 508 3442 553 3496; x_wconf 89' lang='lat' dir='ltr'>ubi</span> <span class='ocrx_word' id='word_1_244' title='bbox 567 3443 694 3512; x_wconf 80' lang='lat' dir='ltr'>praeced.</span> 
     </span>
    </p>
   </div>
   <div class='ocr_carea' id='block_1_14' title="bbox 381 3556 1283 3710">
    <p class='ocr_par' dir='ltr' id='par_1_15' title="bbox 381 3556 1283 3710">
     <span class='ocr_line' id='line_1_34' title="bbox 381 3556 829 3629; baseline 0 -18"><span class='ocrx_word' id='word_1_245' title='bbox 381 3578 397 3611; x_wconf 68' lang='lat' dir='ltr'>s</span> <span class='ocrx_word' id='word_1_246' title='bbox 416 3575 478 3611; x_wconf 83' lang='lat' dir='ltr'><em>var.</em></span> <span class='ocrx_word' id='word_1_247' title='bbox 496 3556 615 3610; x_wconf 81' lang='lat' dir='ltr'>rusulum</span> <span class='ocrx_word' id='word_1_248' title='bbox 630 3557 672 3626; x_wconf 85' lang='lat' dir='ltr'>(C.</span> <span class='ocrx_word' id='word_1_249' title='bbox 689 3557 742 3629; x_wconf 90' lang='lat' dir='ltr'>M.)</span> <span class='ocrx_word' id='word_1_250' title='bbox 759 3557 829 3612; x_wconf 81' lang='lat' dir='ltr'>Pur.</span> 
     </span>
     <span class='ocr_line' id='line_1_35' title="bbox 418 3645 1283 3710; baseline -0.001 -15"><span class='ocrx_word' id='word_1_251' title='bbox 418 3645 538 3695; x_wconf 78' lang='lat' dir='ltr'>Emodon</span> <span class='ocrx_word' id='word_1_252' title='bbox 552 3647 759 3709; x_wconf 79' lang='lat' dir='ltr'>suberylliropus</span> <span class='ocrx_word' id='word_1_253' title='bbox 775 3663 833 3694; x_wconf 80' lang='lat' dir='ltr'>vor.</span> <span class='ocrx_word' id='word_1_254' title='bbox 850 3647 955 3695; x_wconf 74' lang='lat' dir='ltr'>rufulus</span> <span class='ocrx_word' id='word_1_255' title='bbox 972 3647 998 3695; x_wconf 70' lang='lat' dir='ltr'>(l.</span> <span class='ocrx_word' id='word_1_256' title='bbox 1017 3648 1056 3698; x_wconf 89' lang='grc' dir='ltr'><strong>Μ.</strong></span> <span class='ocrx_word' id='word_1_257' title='bbox 1072 3648 1103 3694; x_wconf 83' lang='lat' dir='ltr'>in</span> <span class='ocrx_word' id='word_1_258' title='bbox 1118 3662 1161 3710; x_wconf 83' lang='lat' dir='ltr'>op.</span> <span class='ocrx_word' id='word_1_259' title='bbox 1178 3655 1210 3698; x_wconf 80' lang='lat' dir='ltr'>el.</span> <span class='ocrx_word' id='word_1_260' title='bbox 1225 3647 1234 3694; x_wconf 88' lang='lat' dir='ltr'>l</span> <span class='ocrx_word' id='word_1_261' title='bbox 1248 3662 1283 3694; x_wconf 84' lang='lat' dir='ltr'>ec.</span> 
     </span>
    </p>
   </div>
   <div class='ocr_carea' id='block_1_15' title="bbox 416 3726 696 3797">
    <p class='ocr_par' dir='ltr' id='par_1_16' title="bbox 416 3726 696 3797">
     <span class='ocr_line' id='line_1_36' title="bbox 416 3726 696 3797; baseline 0.007 -17"><span class='ocrx_word' id='word_1_262' title='bbox 416 3726 453 3780; x_wconf 77' lang='lat' dir='ltr'>Ut</span> <span class='ocrx_word' id='word_1_263' title='bbox 466 3734 494 3780; x_wconf 86' lang='lat' dir='ltr'>el</span> <span class='ocrx_word' id='word_1_264' title='bbox 507 3726 554 3780; x_wconf 90' lang='lat' dir='ltr'>ubi</span> <span class='ocrx_word' id='word_1_265' title='bbox 569 3727 696 3797; x_wconf 81' lang='lat' dir='ltr'>piaeoed.</span> 
     </span>
    </p>
   </div>
   <div class='ocr_carea' id='block_1_16' title="bbox 362 3852 1366 4093">
    <p class='ocr_par' dir='ltr' id='par_1_17' title="bbox 362 3852 1366 4093">
     <span class='ocr_line' id='line_1_37' title="bbox 362 3852 1366 3925; baseline 0.002 -18"><span class='ocrx_word' id='word_1_266' title='bbox 362 3853 564 3907; x_wconf 77' lang='lat' dir='ltr'>subsecundum</span> <span class='ocrx_word' id='word_1_267' title='bbox 586 3853 629 3906; x_wconf 86' lang='lat' dir='ltr'>W.</span> <span class='ocrx_word' id='word_1_268' title='bbox 645 3854 680 3905; x_wconf 90' lang='lat' dir='ltr'>P.</span> <span class='ocrx_word' id='word_1_269' title='bbox 695 3852 759 3906; x_wconf 76' lang='lat' dir='ltr'>Soli.</span> <span class='ocrx_word' id='word_1_270' title='bbox 776 3855 806 3906; x_wconf 80' lang='lat' dir='ltr'>in</span> <span class='ocrx_word' id='word_1_271' title='bbox 823 3852 920 3907; x_wconf 73' lang='lat' dir='ltr'>Besch.</span> <span class='ocrx_word' id='word_1_272' title='bbox 936 3854 1042 3909; x_wconf 82' lang='lat' dir='ltr'>Prodr.</span> <span class='ocrx_word' id='word_1_273' title='bbox 1061 3855 1150 3922; x_wconf 72' lang='lat' dir='ltr'>bryol.</span> <span class='ocrx_word' id='word_1_274' title='bbox 1166 3856 1265 3910; x_wconf 74' lang='lat' dir='ltr'>meniu.</span> <span class='ocrx_word' id='word_1_275' title='bbox 1276 3873 1307 3925; x_wconf 82' lang='lat' dir='ltr'>p.</span> <span class='ocrx_word' id='word_1_276' title='bbox 1321 3853 1366 3909; x_wconf 79' lang='lat'>96.</span> 
     </span>
     <span class='ocr_line' id='line_1_38' title="bbox 416 3940 1058 4006; baseline 0.002 -16"><span class='ocrx_word' id='word_1_277' title='bbox 416 3941 537 3990; x_wconf 79' lang='lat' dir='ltr'>Emodon</span> <span class='ocrx_word' id='word_1_278' title='bbox 550 3940 732 3990; x_wconf 76' lang='lat' dir='ltr'>subsecundus</span> <span class='ocrx_word' id='word_1_279' title='bbox 749 3941 826 4004; x_wconf 72' lang='lat' dir='ltr'>Jaey.</span> <span class='ocrx_word' id='word_1_280' title='bbox 842 3943 892 3990; x_wconf 81' lang='lat' dir='ltr'>Ad.</span> <span class='ocrx_word' id='word_1_281' title='bbox 908 3942 951 4000; x_wconf 82' lang='grc' dir='ltr'>ΙΙ,</span> <span class='ocrx_word' id='word_1_282' title='bbox 963 3959 992 4006; x_wconf 81' lang='lat' dir='ltr'>p.</span> <span class='ocrx_word' id='word_1_283' title='bbox 1004 3943 1058 3991; x_wconf 82' lang='lat'>351.</span> 
     </span>
     <span class='ocr_line' id='line_1_39' title="bbox 417 4022 1063 4093; baseline -0.006 -14"><span class='ocrx_word' id='word_1_284' title='bbox 417 4024 442 4079; x_wconf 90' lang='lat' dir='ltr'>l.</span> <span class='ocrx_word' id='word_1_285' title='bbox 731 4050 760 4059; x_wconf 91' lang='lat'><em>—</em></span> <span class='ocrx_word' id='word_1_286' title='bbox 777 4023 839 4075; x_wconf 84' lang='lat' dir='ltr'>Am.</span> <span class='ocrx_word' id='word_1_287' title='bbox 856 4032 925 4093; x_wconf 76' lang='lat' dir='ltr'>sept.</span> <span class='ocrx_word' id='word_1_288' title='bbox 941 4040 946 4074; x_wconf 93' lang='lat'>:</span> <span class='ocrx_word' id='word_1_289' title='bbox 962 4022 1063 4077; x_wconf 86' lang='lat' dir='ltr'>Mexic.</span> 
     </span>
    </p>
   </div>
   <div class='ocr_carea' id='block_1_17' title="bbox 362 4146 1535 4290">
    <p class='ocr_par' dir='ltr' id='par_1_18' title="bbox 362 4146 1535 4290">
     <span class='ocr_line' id='line_1_40' title="bbox 362 4146 1535 4273; baseline -0.003 -68"><span class='ocrx_word' id='word_1_290' title='bbox 362 4148 776 4273; x_wconf 52' lang='lat' dir='ltr'>Sullivantiiffyoll.4gu{.9g</span> <span class='ocrx_word' id='word_1_291' title='bbox 792 4147 878 4219; x_wconf 68' lang='lat' dir='ltr'>(moni.</span> <span class='ocrx_word' id='word_1_292' title='bbox 897 4165 927 4217; x_wconf 82' lang='lat' dir='ltr'>p.</span> <span class='ocrx_word' id='word_1_293' title='bbox 944 4148 970 4220; x_wconf 80' lang='lat' dir='ltr'>l,</span> <span class='ocrx_word' id='word_1_294' title='bbox 990 4150 1078 4219; x_wconf 81' lang='lat' dir='ltr'>nom.)</span> <span class='ocrx_word' id='word_1_295' title='bbox 1093 4166 1099 4214; x_wconf 90' lang='grc'>;</span> <span class='ocrx_word' id='word_1_296' title='bbox 1114 4149 1189 4203; x_wconf 84' lang='lat' dir='ltr'>Sull.</span> <span class='ocrx_word' id='word_1_297' title='bbox 1211 4147 1251 4201; x_wconf 89' lang='lat' dir='ltr'><em>M.</em></span> <span class='ocrx_word' id='word_1_298' title='bbox 1268 4149 1304 4217; x_wconf 75' lang='lat' dir='ltr'>os</span> <span class='ocrx_word' id='word_1_299' title='bbox 1317 4146 1347 4201; x_wconf 88' lang='lat' dir='ltr'>U.</span> <span class='ocrx_word' id='word_1_300' title='bbox 1362 4147 1403 4200; x_wconf 84' lang='lat' dir='ltr'>St.</span> <span class='ocrx_word' id='word_1_301' title='bbox 1416 4165 1445 4219; x_wconf 80' lang='lat' dir='ltr'>p.</span> <span class='ocrx_word' id='word_1_302' title='bbox 1459 4148 1494 4202; x_wconf 86' lang='grc'>64</span> <span class='ocrx_word' id='word_1_303' title='bbox 1509 4156 1535 4201; x_wconf 82' lang='lat' dir='ltr'>el</span> 
     </span>
     <span class='ocr_line' id='line_1_41' title="bbox 485 4239 777 4290; baseline 0.003 -17"><span class='ocrx_word' id='word_1_304' title='bbox 485 4239 507 4273; x_wconf 90' lang='lat' dir='ltr'>c.</span> <span class='ocrx_word' id='word_1_305' title='bbox 558 4239 606 4290; x_wconf 67' lang='grc' dir='ltr'>,μ</span> <span class='ocrx_word' id='word_1_306' title='bbox 676 4260 718 4282; x_wconf 88' lang='grc'><strong>,.</strong></span> <span class='ocrx_word' id='word_1_307' title='bbox 771 4261 777 4274; x_wconf 91' lang='grc'><strong>.</strong></span> 
     </span>
    </p>
   </div>
   <div class='ocr_carea' id='block_1_18' title="bbox 417 4308 1440 4559">
    <p class='ocr_par' dir='ltr' id='par_1_19' title="bbox 418 4308 892 4380">
     <span class='ocr_line' id='line_1_42' title="bbox 418 4308 892 4380; baseline 0 -23"><span class='ocrx_word' id='word_1_308' title='bbox 418 4309 447 4358; x_wconf 87' lang='lat' dir='ltr'>C.</span> <span class='ocrx_word' id='word_1_309' title='bbox 460 4308 635 4372; x_wconf 77' lang='lat' dir='ltr'>gracilescens</span> <span class='ocrx_word' id='word_1_310' title='bbox 648 4308 745 4380; x_wconf 73' lang='lat' dir='ltr'>Bryol.</span> <span class='ocrx_word' id='word_1_311' title='bbox 761 4324 820 4356; x_wconf 75' lang='lat' dir='ltr'>eun.</span> <span class='ocrx_word' id='word_1_312' title='bbox 835 4308 852 4355; x_wconf 84' lang='lat' dir='ltr'>l.</span> <span class='ocrx_word' id='word_1_313' title='bbox 870 4324 892 4357; x_wconf 83' lang='lat' dir='ltr'>c.</span> 
     </span>
    </p>

    <p class='ocr_par' dir='ltr' id='par_1_20' title="bbox 418 4368 1440 4494">
     <span class='ocr_line' id='line_1_43' title="bbox 419 4368 1440 4435; baseline -0.001 -15"><span class='ocrx_word' id='word_1_314' title='bbox 419 4371 540 4420; x_wconf 90' lang='lat' dir='ltr'>Emodon</span> <span class='ocrx_word' id='word_1_315' title='bbox 554 4370 702 4420; x_wconf 82' lang='lat' dir='ltr'>Sullivamii</span> <span class='ocrx_word' id='word_1_316' title='bbox 714 4371 811 4419; x_wconf 69' lang='lat' dir='ltr'>Limil.</span> <span class='ocrx_word' id='word_1_317' title='bbox 831 4371 948 4418; x_wconf 66' lang='lat' dir='ltr'>&#39;&#39;nomiln</span> <span class='ocrx_word' id='word_1_318' title='bbox 962 4372 999 4419; x_wconf 82' lang='lat' dir='ltr'>ad</span> <span class='ocrx_word' id='word_1_319' title='bbox 1014 4373 1041 4425; x_wconf 73' lang='lat' dir='ltr'>tl.</span> <span class='ocrx_word' id='word_1_320' title='bbox 1056 4379 1141 4435; x_wconf 80' lang='lat' dir='ltr'><strong><em>crypt.</em></strong></span> <span class='ocrx_word' id='word_1_321' title='bbox 1156 4371 1201 4419; x_wconf 79' lang='lat' dir='ltr'>As.</span> <span class='ocrx_word' id='word_1_322' title='bbox 1214 4369 1270 4418; x_wconf 74' lang='lat' dir='ltr'>bor.</span> <span class='ocrx_word' id='word_1_323' title='bbox 1287 4384 1328 4419; x_wconf 82' lang='lat' dir='ltr'>or.</span> <span class='ocrx_word' id='word_1_324' title='bbox 1340 4383 1369 4432; x_wconf 77' lang='lat' dir='ltr'>p.</span> <span class='ocrx_word' id='word_1_325' title='bbox 1385 4368 1440 4419; x_wconf 80' lang='lat'>233.</span> 
     </span>
     <span class='ocr_line' id='line_1_44' title="bbox 418 4433 1038 4494; baseline -0.003 -11"><span class='ocrx_word' id='word_1_326' title='bbox 418 4434 518 4483; x_wconf 74' lang='lat' dir='ltr'>Leukoe</span> <span class='ocrx_word' id='word_1_327' title='bbox 531 4447 587 4481; x_wconf 81' lang='lat' dir='ltr'>com</span> <span class='ocrx_word' id='word_1_328' title='bbox 608 4447 681 4482; x_wconf 79' lang='lat' dir='ltr'>rosso</span> <span class='ocrx_word' id='word_1_329' title='bbox 693 4433 764 4482; x_wconf 76' lang='lat' dir='ltr'>Son.</span> <span class='ocrx_word' id='word_1_330' title='bbox 781 4435 820 4482; x_wconf 94' lang='lat' dir='ltr'><em>M.</em></span> <span class='ocrx_word' id='word_1_331' title='bbox 836 4433 941 4494; x_wconf 47' lang='lat' dir='ltr'>sillum.</span> <span class='ocrx_word' id='word_1_332' title='bbox 959 4449 985 4484; x_wconf 82' lang='lat' dir='ltr'>n.</span> <span class='ocrx_word' id='word_1_333' title='bbox 999 4433 1038 4481; x_wconf 77' lang='lat' dir='ltr'>ol.</span> 
     </span>
    </p>

    <p class='ocr_par' dir='ltr' id='par_1_21' title="bbox 417 4449 1032 4559">
     <span class='ocr_line' id='line_1_45' title="bbox 417 4449 1032 4559; baseline -0.002 -13"><span class='ocrx_word' id='word_1_334' title='bbox 417 4497 537 4546; x_wconf 80' lang='lat' dir='ltr'>Neckera</span> <span class='ocrx_word' id='word_1_335' title='bbox 553 4449 701 4544; x_wconf 73' lang='lat' dir='ltr'>Sudivamii</span> <span class='ocrx_word' id='word_1_336' title='bbox 715 4497 742 4545; x_wconf 81' lang='grc' dir='ltr'><strong>Ο.</strong></span> <span class='ocrx_word' id='word_1_337' title='bbox 756 4497 795 4545; x_wconf 88' lang='lat' dir='ltr'>M.</span> <span class='ocrx_word' id='word_1_338' title='bbox 811 4498 880 4559; x_wconf 82' lang='lat' dir='ltr'>Syn.</span> <span class='ocrx_word' id='word_1_339' title='bbox 893 4496 936 4554; x_wconf 82' lang='grc' dir='ltr'>ΙΙ,</span> <span class='ocrx_word' id='word_1_340' title='bbox 948 4512 978 4559; x_wconf 80' lang='lat' dir='ltr'>p.</span> <span class='ocrx_word' id='word_1_341' title='bbox 993 4495 1032 4545; x_wconf 74' lang='lat'>65.</span> 
     </span>
    </p>
   </div>
   <div class='ocr_carea' id='block_1_19' title="bbox 413 4575 1533 4737">
    <p class='ocr_par' dir='ltr' id='par_1_22' title="bbox 413 4575 1533 4737">
     <span class='ocr_line' id='line_1_46' title="bbox 417 4575 1533 4647; baseline 0.001 -16"><span class='ocrx_word' id='word_1_342' title='bbox 417 4578 439 4631; x_wconf 89' lang='lat' dir='ltr'>l.</span> <span class='ocrx_word' id='word_1_343' title='bbox 455 4577 547 4631; x_wconf 77' lang='lat' dir='ltr'>Saxic.</span> <span class='ocrx_word' id='word_1_344' title='bbox 563 4577 591 4631; x_wconf 93' lang='lat' dir='ltr'>in</span> <span class='ocrx_word' id='word_1_345' title='bbox 606 4575 667 4630; x_wconf 86' lang='lat' dir='ltr'>silv.</span> <span class='ocrx_word' id='word_1_346' title='bbox 697 4579 804 4631; x_wconf 77' lang='lat' dir='ltr'>-An.:</span> <span class='ocrx_word' id='word_1_347' title='bbox 826 4578 928 4647; x_wconf 82' lang='lat' dir='ltr'>Japon.</span> <span class='ocrx_word' id='word_1_348' title='bbox 951 4579 1012 4629; x_wconf 82' lang='lat' dir='ltr'>Am.</span> <span class='ocrx_word' id='word_1_349' title='bbox 1034 4585 1103 4646; x_wconf 81' lang='lat' dir='ltr'>sept.</span> <span class='ocrx_word' id='word_1_350' title='bbox 1117 4597 1126 4631; x_wconf 90' lang='lat'><em>:</em></span> <span class='ocrx_word' id='word_1_351' title='bbox 1152 4578 1320 4638; x_wconf 77' lang='lat' dir='ltr'>Tenuessee‚</span> <span class='ocrx_word' id='word_1_352' title='bbox 1337 4577 1430 4631; x_wconf 78' lang='lat' dir='ltr'>Carol.</span> <span class='ocrx_word' id='word_1_353' title='bbox 1453 4576 1533 4632; x_wconf 79' lang='lat' dir='ltr'>inser.</span> 
     </span>
     <span class='ocr_line' id='line_1_47' title="bbox 413 4664 1159 4737; baseline -0.004 -17"><span class='ocrx_word' id='word_1_354' title='bbox 413 4666 482 4720; x_wconf 78' lang='lat' dir='ltr'>Eoos.</span> <span class='ocrx_word' id='word_1_355' title='bbox 499 4683 505 4719; x_wconf 90' lang='lat'>:</span> <span class='ocrx_word' id='word_1_356' title='bbox 524 4664 593 4718; x_wconf 88' lang='lat' dir='ltr'>Sull.</span> <span class='ocrx_word' id='word_1_357' title='bbox 611 4672 638 4718; x_wconf 85' lang='lat' dir='ltr'>et</span> <span class='ocrx_word' id='word_1_358' title='bbox 654 4664 736 4737; x_wconf 89' lang='lat' dir='ltr'>Lesq.</span> <span class='ocrx_word' id='word_1_359' title='bbox 752 4666 790 4718; x_wconf 90' lang='lat' dir='ltr'>M.</span> <span class='ocrx_word' id='word_1_360' title='bbox 806 4666 867 4718; x_wconf 80' lang='lat' dir='ltr'>bor.</span> <span class='ocrx_word' id='word_1_361' title='bbox 883 4682 937 4720; x_wconf 82' lang='lat' dir='ltr'>am.</span> <span class='ocrx_word' id='word_1_362' title='bbox 955 4664 979 4718; x_wconf 96' lang='lat' dir='ltr'>ll</span> <span class='ocrx_word' id='word_1_363' title='bbox 995 4665 1037 4718; x_wconf 88' lang='lat' dir='ltr'>ed.</span> <span class='ocrx_word' id='word_1_364' title='bbox 1054 4683 1081 4719; x_wconf 90' lang='lat' dir='ltr'>n.</span> <span class='ocrx_word' id='word_1_365' title='bbox 1097 4665 1159 4723; x_wconf 80' lang='lat'>389.</span> 
     </span>
    </p>
   </div>
   <div class='ocr_carea' id='block_1_20' title="bbox 0 0 1714 5617">
    <p class='ocr_par' dir='ltr' id='par_1_23' title="bbox 0 0 1714 5617">
     <span class='ocr_line' id='line_1_48' title="bbox 0 0 1714 5617; baseline 0 0"><span class='ocrx_word' id='word_1_366' title='bbox 0 0 1714 5617; x_wconf 95' lang='lat' dir='ltr'> </span> 
     </span>
    </p>
   </div>
  </div>
 </body>
</html>
