3417 5617
421 1240 542 1345 AD
603 1237 1097 1347 LECTOREM

182 2063 245 2127 Ubi
262 2062 347 2125 editi
369 2062 512 2125 ruerunt
532 2066 567 2125 et
584 2060 727 2125 Bridelii
745 2061 835 2125 liber
854 2084 872 2118 ‹
891 2063 1084 2126 Barnuoou
1105 2079 1319 2128 uurrsnsnnrs
1339 2089 1369 2142 ›‚

142 2171 404 2252 praeccipueque
428 2168 465 2246 ii,
495 2186 641 2251 quorum
663 2167 752 2232 alter
773 2193 790 2227 e
815 2170 1009 2234 Barocoorn
1035 2186 1196 2234 sueonum
1215 2195 1246 2248 ι,
1269 2173 1370 2253 cujus

141 2284 296 2341 auctores
325 2275 501 2353 eruemus,
536 2275 733 2339 Gir'mbelr'us
766 2294 805 2339 ac
851 2275 900 2338 W.
938 2276 973 2339 P.
1015 2277 1243 2358 Scitimperus,
1281 2278 1369 2343 alter

143 2385 180 2447 C.
198 2382 335 2447 Muilers'
353 2407 372 2441 ε
390 2386 551 2448 Srsonsrs
569 2385 788 2447 muscosus»
807 2382 1019 2460 inscribitur,
1042 2384 1276 2448 herbariorum
1294 2386 1369 2468 plu·

144 2491 218 2553 rimi
241 2507 379 2553 muscos
401 2489 635 2569 investigandi
656 2490 772 2553 studio
794 2495 878 2553 sunt
902 2490 1026 2554 conati.
1054 2491 1147 2556 udde
1170 2492 1273 2575 quod,
1300 2493 1369 2558 fere

144 2598 261 2660 eodem
283 2602 450 2678 tempore,
473 2595 770 2678 peregrinationes
792 2597 945 2659 omnium
972 2616 1030 2680 spe
1046 2600 1244 2678 celeriores,
1271 2619 1370 2681 expe·

144 2703 350 2785 ditioresque
382 2702 484 2766 etiam
515 2701 711 2782 ignoturum
750 2709 1025 2787 remotarumque
1056 2707 1238 2784 regionum
1268 2707 1366 2770 factm

142 2809 281 2873 fuerunt
293 2808 559 2889 explorationes.
576 2808 639 2871 Illa
653 2827 733 2873 rero
746 2811 928 2891 regionum
941 2830 1085 2894 quarum
1098 2819 1267 2890 auctores,
1281 2831 1367 2894 quos

142 2933 244 2995 supra
267 2915 534 2991 nominavimus,
560 2933 665 2997 prope
690 2921 788 2978 erant
814 2915 932 2992 nescii,
961 2917 1169 2996 peragratio,
1201 2935 1364 2998 maguum

143 3031 342 3101 proventum
358 3021 479 3084 attulit
494 3039 700 3085 muscorum.
722 3025 874 3099 Quorum
895 3021 1033 3104 quidem
1050 3023 1165 3087 nescio
1188 3042 1232 3087 au
1254 3026 1364 3105 magis

141 3143 241 3207 quam
268 3127 516 3209 Bryoiogorum
545 3146 710 3192 numerus
742 3128 897 3192 creverit.
930 3132 1081 3211 Namque
1104 3136 1144 3193 ut
1169 3130 1363 3212 exemplum

142 3233 351 3297 referamus:

262 3396 432 3467 Bryologia
444 3396 632 3455 universalis
646 3399 768 3454 constat
782 3412 821 3456 ex
829 3437 995 3454 .........
1038 3397 1086 3455 931
1108 3401 1239 3471 species.

262 3494 418 3565 synopsis
430 3495 608 3551 Muscorum
612 3533 992 3554 ....................
1016 3495 1087 3550 2364
1160 3519 1175 3550 »

258 3592 383 3665 luepori
397 3593 428 3650 et
444 3590 640 3652 Saucrbeclii
654 3593 919 3652 adumbrationes
932 3636 938 3649 .
949 3639 955 3652 .
968 3635 992 3650 ..
1014 3595 1086 3651 7412
1158 3613 1174 3647 s

176 3743 335 3818 Quamvis
362 3747 495 3806 certum
526 3743 734 3825 specierum,
771 3761 856 3825 quas
890 3746 926 3808 in
957 3747 1021 3810 hoc
1052 3764 1154 3829 opere
1186 3752 1361 3814 recensuri

140 3865 265 3928 sumus,
294 3865 476 3912 numerum
506 3849 631 3913 referre
668 3868 736 3914 non
772 3853 954 3932 possimus,
980 3854 1062 3934 quia
1087 3855 1187 3918 nobis
1211 3861 1362 3920 exactam

140 3974 252 4019 earum
265 3957 435 4020 rationem
451 3956 639 4036 diligenter
655 3975 841 4038 asservare,
858 3961 1050 4041 usquedum
1073 3962 1178 4044 hujus
1195 3963 1273 4026 libri
1296 3963 1366 4026 edi-

140 4064 264 4126 tionem
288 4062 554 4142 couseceremus,
578 4065 792 4146 propositum
818 4068 865 4129 sit
887 4068 1107 4145 contendere,
1124 4077 1238 4132 tamen
1262 4070 1391 4132 aude·'

140 4171 249 4234 bimus
275 4170 355 4233 illas
379 4171 509 4251 species
534 4170 649 4234 decem
677 4172 834 4250 transire,
862 4191 900 4236 ac
924 4192 1028 4255 prope
1051 4175 1232 4239 duodecim
1254 4176 1365 4240 miliia

137 4278 269 4359 explere
287 4294 482 4341 numerum.

172 4387 252 4462 Quae
268 4391 398 4463 autem,
415 4384 499 4466 quin
515 4403 633 4449 omnes
647 4403 736 4449 verse
748 4387 831 4465 sint,
843 4387 923 4467 jure
940 4388 1069 4452 incerto
1085 4389 1242 4454 habetur.
1261 4393 1363 4473 Bryo-

131 4493 201 4572 logi
216 4492 313 4557 enim
329 4492 439 4570 nimii,
458 4493 573 4573 utipsi
586 4492 840 4570 confessisunt,
853 4496 1018 4576 quasdam
1035 4498 1178 4577 species,
1195 4499 1279 4580 quin
1295 4499 1364 4561 imo

131 4618 258 4679 genera
274 4601 312 4663 in
330 4600 479 4664 frustula
492 4601 740 4678 condiderunt;
757 4609 791 4666 et
811 4603 883 4684 ipse
900 4604 938 4667 C.
955 4604 1088 4682 Mulier,
1107 4607 1363 4670 eruditissimus

132 4708 191 4786 vir,
209 4725 307 4772 nunc
331 4707 578 4789 Bryologorum
600 4708 818 4774 venerandus
833 4711 1020 4793 antiquior,
1038 4719 1157 4793 postea
1180 4712 1274 4777 iliam
1295 4721 1365 4777 tam
