3417 5617
1338 545 1356 598 3

128 662 206 726 uicis
219 661 404 743 Bryologis
421 678 492 725 non
507 660 650 742 placuit.
667 661 777 726 Simul
794 663 898 742 enim,
914 664 1102 747 eodemque
1119 671 1271 747 tempore
1286 685 1354 749 quo

132 771 373 833 ‹Baronoonn
399 784 564 831 nunonem
590 790 608 825 s
641 768 803 832 volumen
833 769 886 847 Vl,
921 769 1131 835 edebatur«
1158 775 1353 837 Smorsrnrs

132 878 306 940 Hosoonms
327 899 343 933 ›
368 874 531 938 volumen
559 877 602 950 ll,
630 893 697 956 quo
722 875 758 938 in
782 875 871 939 libro
893 882 1030 941 tantum
1054 879 1174 941 aberat
1198 884 1236 942 ut
1260 897 1350 943 nova

135 985 313 1046 blascorum
343 999 476 1061 genera
503 985 658 1062 poneret,
693 988 733 1045 ut
760 987 881 1046 contra
902 984 1053 1048 multra
1084 983 1228 1048 Bridelio
1251 993 1353 1050 antea

136 1090 310 1153 constituta
330 1088 511 1165 recideret,
543 1106 581 1152 ac
604 1088 675 1151 lere
696 1095 804 1153 totam
830 1088 1130 1173 Pletcrocarporum
1152 1092 1296 1156 classem
1316 1093 1350 1155 in

136 1195 284 1274 Nestora,
320 1196 549 1274 Pilotrr'c'brcm,
580 1194 748 1259 Hoolrorr'o
777 1203 811 1260 et
843 1196 1003 1280 llypnum
1028 1199 1217 1279 generibus
1245 1200 1352 1262 inclu-

134 1306 238 1383 deret3
253 1322 356 1386 quem
372 1304 595 1385 partitionem
607 1304 750 1384 collegas
765 1304 996 1388 discipulique
1010 1307 1098 1389 ejus,
1115 1313 1154 1370 ut
1165 1306 1239 1370 fleri
1250 1306 1352 1385 solet,

130 1414 230 1476 secuti
246 1419 341 1476 sunt.

164 1521 231 1601 Ipsi
258 1526 387 1597 autem,
414 1536 521 1600 quum
546 1518 642 1582 brevi
668 1519 861 1600 specierum
884 1521 1051 1584 crescenti
1071 1537 1215 1584 numero
1235 1531 1349 1585 essent

126 1627 288 1708 superati,
325 1625 616 1708 quemadmodum
641 1626 733 1690 inter
759 1627 923 1706 generale
955 1627 1171 1710 specialeque
1204 1628 1351 1709 interpo-

126 1739 245 1798 nerent
259 1734 425 1797 sectionis
442 1751 564 1796 nomen
589 1733 874 1813 excogitaverunt
895 1732 1103 1815 (dompnus,
1129 1736 1163 1797 ni
1184 1734 1350 1814 fallimur,

123 1843 254 1922 primus
274 1841 366 1904 hanc
389 1841 681 1904 nomenclaturam
697 1839 858 1922 aperuit).
881 1840 934 1905 Sic
949 1841 1160 1922 scripserunt
1183 1861 1189 1902 :
1212 1840 1351 1924 Lepido-

121 1948 227 2029 pilum
243 1946 417 2029 (Eriopus)
436 1947 616 2028 flesicoule
636 1949 734 2027 Hpe.‚
752 1946 806 2010 vel
826 1945 984 2029 (Chryso)
1002 1946 1162 2030 lipporum
1178 1947 1352 2026 Iorisomue

123 2059 205 2136 Hpe.
223 2055 358 2119 Deinde
373 2071 451 2117 eum
467 2054 629 2118 sectionis
649 2056 731 2136 ipsae
747 2054 982 2137 applorantes,
999 2061 1039 2119 ut
1058 2055 1248 2118 scriberent
1268 2063 1350 2120 sunt

123 2163 279 2244 perducti
297 2182 306 2223 ι
327 2160 487 2244 Hypnum
503 2160 770 2240 (tliollacodium
788 2161 1005 2242 Cuspidoria)
1020 2170 1236 2226 ereenuotom
1254 2165 1288 2225 C.
1307 2165 1349 2226 ll.

125 2271 192 2332 Hac
207 2269 350 2351 quidem
365 2269 545 2331 nominum
561 2267 785 2348 dispositione
800 2268 894 2330 baud
907 2266 1051 2332 dubium
1064 2275 1115 2332 est
1131 2270 1214 2351 quin
1227 2270 1351 2352 cuique

126 2378 249 2457 speciei
264 2393 365 2439 suam
380 2376 566 2439 sectionem
583 2376 779 2456 assignent3
796 2373 878 2456 quid
895 2381 1011 2439 autem
1026 2376 1056 2439 ei
1071 2377 1117 2440 sit
1129 2395 1206 2440 cum
1220 2377 1352 2440 binaria

128 2483 399 2561 nomenclatura,
415 2501 435 2545 a
450 2483 572 2564 quovis
587 2482 746 2546 herbario
761 2483 930 2563 petimus!

167 2591 253 2666 Quin
268 2591 375 2654 etiam
390 2590 583 2671 Bryologns
602 2591 673 2672 qui,
690 2589 726 2652 in
748 2590 938 2669 generibus
955 2591 1026 2672 jam
1050 2591 1208 2673 plurimis
1230 2592 1355 2674 specie·

133 2698 192 2760 bus
223 2698 518 2776 redundantibus,
547 2698 678 2778 species
713 2701 815 2761 antea
853 2698 887 2761 in
923 2698 1000 2761 aliis
1031 2700 1352 2781 probatissimisque

133 2806 311 2880 generibus
327 2804 496 2884 sepositas
511 2803 682 2881 inscribit,
700 2821 845 2885 quaeque
868 2804 959 2867 inter
980 2822 1015 2866 se
1037 2804 1108 2867 lere
1129 2803 1270 2868 omnino
1286 2804 1354 2866 dis·

135 2910 308 2976 simillimre
323 2920 420 2991 sunt,
436 2930 475 2975 ac
491 2912 658 2993 quaedam
674 2916 810 2974 tantum
826 2911 1022 2976 communia
1034 2911 1175 2990 habent,
1187 2931 1227 2975 ea
1238 2928 1354 2975 neces-

136 3016 227 3082 sitate
249 3018 513 3098 constringitur,
531 3036 574 3082 ne
598 3018 650 3081 bis
672 3017 790 3081 eadem
812 3017 1045 3099 appellatione
1063 3023 1193 3097 utatur,
1218 3022 1257 3081 ut
1279 3036 1352 3100 spe·

138 3123 214 3187 ciale
234 3143 358 3188 nomen
381 3129 511 3198 mutet;
534 3125 625 3205 quod
648 3125 684 3186 in
707 3125 795 3188 banc
816 3123 1004 3205 opinionen
1026 3123 1167 3190 adducit
1195 3129 1246 3203 ut,
1271 3124 1353 3188 dum

140 3246 253 3292 novum
270 3250 329 3311 pro
347 3232 486 3294 nomine
501 3230 647 3312 principi
668 3232 816 3312 reponit,
832 3248 902 3294 non
925 3231 1041 3313 aliqua
1060 3229 1247 3312 cupiditate
1272 3231 1353 3294 huic

139 3353 230 3399 suum
244 3337 391 3400 addendi
406 3337 552 3400 fortasse
567 3337 716 3401 caruerit
730 3338 796 3417 (l)l

173 3444 261 3518 Quod
276 3444 317 3506 ad
338 3444 528 3526 prioritatis
546 3445 606 3526 jus
621 3445 757 3521 attinet,
774 3462 837 3508 nos
851 3444 991 3525 quidem
1007 3445 1100 3507 omni
1117 3462 1180 3525 ope
1201 3449 1236 3507 et
1250 3463 1352 3526 opera

140 3565 247 3613 sumus
266 3551 390 3630 adnisi,
408 3557 446 3614 ut
463 3550 585 3615 (laesari
601 3550 693 3633 quod
716 3552 858 3615 Caesaris
878 3557 942 3629 est,
967 3550 1082 3630 idest,
1105 3569 1206 3614 suurn
1228 3551 1351 3632 cuique

141 3656 357 3721 redderemus.
380 3661 454 3722 Non
478 3664 593 3721 tomen
621 3663 660 3720 ut
682 3658 880 3739 opinionem
910 3659 1011 3721 nimis
1035 3657 1222 3721 obsoletam
1257 3657 1355 3720 diud-

142 3760 234 3844 derqii
258 3774 449 3828 teneamus.
482 3765 564 3840 Quis
589 3765 681 3827 enim
716 3782 785 3827 non
812 3764 1053 3828 molestissime
1082 3765 1214 3841 tulerit,
1246 3782 1353 3845 quum

8 3937 9 3958 ἶ
140 3872 297 3935 modestos
317 3876 392 3936 tum
413 3871 566 3936 eruditos
587 3872 691 3949 viros,
715 3873 773 3954 qui
796 3874 927 3953 species
949 3891 1042 3935 nunc
1062 3873 1096 3934 in
1121 3872 1217 3936 libris
1239 3872 1352 3936 alieno

3 3965 8 4018 ³⁵
80 4027 83 4032 ,
137 3978 1352 4061 nomineinsoriptasassignatasprimireperissentdescripsissentque,

135 4101 170 4146 eo
184 4085 309 4150 honore
324 4087 464 4148 omnino
480 4103 554 4149 esse
568 4085 743 4166 dejectos‘l
757 4087 825 4148 Nos
841 4091 955 4149 tamen
969 4085 1241 4150 existimavimus
1254 4086 1351 4148 nullo

133 4192 224 4256 modo
239 4194 316 4256 fieri
332 4210 431 4272 posse
447 4199 486 4254 ut
507 4192 567 4255 illa
586 4210 788 4273 respuamus
804 4193 987 4274 omniaque
1004 4194 1144 4257 nomina
1158 4201 1352 4270 mutemns;

131 4316 199 4379 quos
215 4300 308 4363 enim
329 4300 356 4361 si
372 4299 610 4377 miscerentur,
633 4299 822 4380 Bryologos
842 4298 885 4362 ad
906 4299 1213 4380 implicatissimam
1234 4299 1351 4362 conlo·

129 4407 255 4471 sionem
272 4404 483 4487 redigerent.

160 4639 197 4708 (l)
216 4638 259 4693 Of.
282 4637 399 4693 Lorentz
418 4637 446 4690 in
470 4638 531 4691 liat.
552 4636 619 4690 Zeit.
639 4634 715 4702 leco,
734 4655 762 4708 p.
781 4635 830 4691 189
851 4654 858 4693 :
885 4635 972 4690 Ueber
993 4637 1270 4707 Synortymenrmfuq
1293 4635 1354 4689 und

125 4727 453 4797 Autoriloetrpiroterio.
590 4733 593 4736 “
